2700 4780
247 201 323 296 455
541 192 646 272 Aru
675 175 1011 272 uuurruumrs.

235 377 343 452 'latio
372 377 469 450 inter
498 377 743 467 tomandu'm,
778 379 816 450 in
849 398 897 448 eo
924 375 1106 449 excitavit
1140 372 1345 470 Ophthal·w

250 478 382 567 miam,
408 474 607 558 cecitatem
630 475 664 548 a
686 475 831 551 demum
853 487 1021 547 mortem.

350 695 406 764 23.
431 668 621 758 Africani,
653 669 803 744 refinam
833 670 1015 764 Euplurlr'i
1043 690 1066 740 e
1094 668 1239 742 frutice
1267 689 1325 742 er·

250 769 418 853 traliuri,
455 769 548 839 latus
574 783 691 842 vento
721 767 950 860 oppositum,
975 781 1017 838 ut
1039 767 1323 840 exhalationem

250 863 522 942 inimiciffimam
545 868 709 954 evitent,
735 865 832 938 inter
848 863 1108 953 laborandum,
1136 864 1320 960 refugium

248 967 388 1060 semper
414 979 618 1056 occupant3
653 965 817 1048 Nerium,
844 985 926 1035 cum
959 961 1113 1036 floribus
1141 961 1217 1035 suis
1250 963 1317 1034 sua·
1346 998 1347 1056 l

250 1062 486 1137 veolentibus
507 1061 542 1133 iu
565 1061 676 1134 cubili
699 1059 819 1133 clauso
836 1061 992 1152 quodam
1009 1059 1198 1153 pofitom,
1226 1083 1313 1134 mor·

249 1165 318 1238 bos
344 1160 567 1253 soporiferos
590 1159 680 1252 saepe
712 1160 837 1230 letales
865 1158 1037 1230 inducere
1065 1171 1199 1230 narrat
1229 1159 1309 1232 Bru·

249 1259 414 1336 haavius.
466 1256 603 1330 Sabeos
635 1279 802 1350 quoque,
835 1254 1134 1329 suaveolentibus
1162 1257 1308 1329 floribus

249 1357 364 1433 variis
392 1356 639 1449 indulgentes,
669 1353 834 1448 lethargo
859 1355 1053 1447 plerosque
1080 1353 1163 1425 vita
1194 1354 1315 1428 defun

250 1457 330 1534 llos
356 1453 593 1527 observarunt
618 1451 779 1536 Medici;
816 1451 913 1544 quod
946 1465 1066 1524 autem
1090 1450 1139 1523 de
1169 1451 1317 1526 Tace&

250 1554 403 1629 letiferis
429 1551 587 1643 ejusdem
620 1549 911 1626 exhalationibus
937 1549 1167 1640 antiquiores
1198 1549 1321 1643 prodi·

250 1653 358 1736 dere,
384 1649 419 1719 id
442 1649 541 1720 omni
567 1661 667 1720 caret
685 1649 852 1720 veritate.
904 1647 1066 1736 Martin,
1091 1651 1240 1721 taam
1261 1653 1320 1722 ceti

250 1745 459 1836 cuiusdam,
485 1747 647 1839 procella
674 1745 718 1817 ad
748 1746 832 1818 litus
860 1746 1036 1818 marinum
1065 1745 1235 1838 pulsum,
1262 1767 1317 1818 ca·

249 1851 330 1924 lore
353 1841 436 1915 solis
454 1843 546 1914 adeo
569 1842 773 1916 intumuisse
796 1843 965 1933 testatur,
988 1856 1030 1915 ut
1047 1853 1224 1936 ruptum,
1250 1845 1317 1917 sra-

146 1953 152 1962 '
249 1965 375 2041 gorem
407 1941 640 2030 bombardae,
681 1941 943 2032 foetoremque,
986 1963 1071 2033 quo·
1093 1944 1236 2013 accole
1264 1942 1315 2014 in·

250 2039 498 2118 flammatione
526 2040 717 2112 oculorum
752 2038 911 2132 correpti
942 2037 1112 2127 suerunt,
1144 2039 1310 2112 ediderit

250 2143 475 2216 Rrruazar‘uus
507 2141 544 2209 de
574 2141 704 2232 mordis.
722 2133 890 2230 artffirum
916 2136 1070 2230 plurima
1101 2151 1313 2227 enumerat,

250 2252 358 2331 atque
383 2234 591 2308 Foricarios
624 2241 822 2316 cloacarum,
861 2234 984 2327 lippos
1014 2233 1047 2306 ἂ
1075 2237 1311 2312 caecutientes

246 2336 386 2414 toetidis
410 2332 566 2406 evadere
590 2332 881 2406 exhalationibus
908 2331 1044 2428 statuit.

268 2597 274 2612 .
351 2553 408 2622 24·
435 2528 597 2602 Nidores
626 2532 794 2601 minerulrr
822 2539 977 2600 mortem
1003 2541 1299 2617 momentaneam,

252 2651 330 2708 non
348 2651 451 2717 raro,
477 2629 705 2716 accelerante
730 2626 938 2721 Metallurgi
959 2623 1127 2698 nidorem
1146 2628 1303 2724 Aquites,

252 2743 424 2818 tanquam
459 2725 614 2796 maxime
647 2725 819 2812 letalem,
859 2724 938 2815 J'ure
971 2723 1234 2816 respicientes,
1268 2743 1311 2796 ex

253 2825 371 2898 odore
396 2819 491 2905 allii,
523 2818 690 2908 dulcique
714 2819 819 2909 hujus
845 2821 969 2914 sapore
992 2821 1028 2893 in
1055 2821 1219 2896 officinis
1235 2823 1311 2893 illo

251 2942 331 2997 rum
352 2913 566 3002 manifeste,
598 2935 688 2985 cane
713 2919 817 3010 pejus
841 2919 1008 3014 &angue
1034 2918 1196 3013 fugiunt.
1249 2919 1311 2991 Ca-

250 3040 318 3093 nes
346 3013 567 3088 attrahentes
593 3012 729 3087 sumum
761 3017 896 3088 accensi
921 3021 1096 3112 sulphuris
1118 3017 1310 3110 peripneu-

252 3114 386 3192 moniae
409 3111 655 3187 succumbunt.
707 3113 858 3203 Virum,
885 3114 942 3187 cui
967 3115 1087 3186 lumen
1114 3115 1307 3189 accensum

251 3214 383 3308 stipula
410 3209 610 3302 sulphurata
638 3211 903 3284 exhalationem
928 3209 1103 3306 sulphuris
1133 3213 1309 3285 attrahere

251 3306 605 3386 inconsuetudinem
631 3309 755 3394 veuit,
783 3310 895 3394 novi,
921 3309 1006 3402 qui,
1031 3309 1136 3400 huJ'us
1162 3310 1306 3382 effeetus

249 3408 413 3494 nescius,
439 3427 482 3476 ex
510 3403 639 3477 Phthifi
666 3406 899 3497 pulmonum,
929 3405 1043 3500 spatio
1069 3407 1226 3480 duorum
1248 3429 1303 3480 au·

197 3559 202 3576 ,
248 3525 380 3582 norum
408 3501 579 3588 decurso,
614 3503 766 3574 animam
797 3503 945 3576 efflavit.
1014 3505 1165 3578 Fodinae
1188 3507 1300 3580 Fallu-

248 3604 349 3696 neustr
376 3600 511 3673 accolis
528 3599 688 3680 Phthisrn¹
708 3603 995 3674 communiorem
1015 3625 1092 3676 uon
1112 3602 1197 3690 effe,
1219 3602 1298 3676 surm·

246 3724 342 3777 mam
364 3712 521 3772 meretur
549 3698 812 3783 attentionem,
848 3721 1219 3792 quemcunquevero
1242 3721 1294 3770 eo

247 3821 350 3894 rum,
373 3797 504 3873 morbo
526 3796 643 3870 hocce
663 3794 892 3889 infestatum,
916 3797 1019 3872 cursu
1035 3799 1176 3892 citiori,
1202 3815 1294 3892 quan

1216 3896 1295 3970 alio
