2700 4780
683 13 717 78 ι*

270 253 344 350 ‘4524
569 231 687 328 Atli'
703 235 1036 334 uanrrnsurs.

272 429 403 510 leslum
439 429 671 509 ascendentes
708 434 911 529 soporeque
951 438 1073 510 obruti
1114 421 1323 526 dulcissimo,

275 531 451 608 eucratio
476 533 586 621 foco,
617 533 717 606 virus
737 535 852 606 hocce
877 549 1114 611 attraxerunt.
1169 534 1328 606 Candela

272 638 429 734 'ellychnio
456 629 567 704 crasso
595 631 752 724 sebopue
785 633 928 724 impuro
954 634 1129 720 confestae
1154 634 1329 722 nidorem,

300 748 350 826 no
383 728 551 821 coryza,
593 729 705 800 immo
738 731 845 801 etiam
872 729 947 805 tussi
979 731 1179 812 allicimur,
1218 732 1331 818 olent;

272 751 438 915 sunici,
466 824 560 898 diem
579 828 783 900 natalitium
797 828 995 900 saluatoris
1014 829 1127 902 nostri
1154 831 1329 900 celebran-

271 916 352 1028 ies,
376 925 558 998 matutino
581 940 768 1018 tempore,
796 927 954 998 candelis
980 930 1158 1020 tem-plum
1181 927 1328 1020 undique

273 1023 482 1097 illuminant
521 1021 772 1116 crassioribus,
817 1045 895 1116 quae
932 1025 1159 1097 flammantes
1205 1027 1322 1097 fumun

272 1133 414 1210 atrum,
443 1119 573 1192 nidore
600 1121 856 1214 plenillimum‚
890 1124 1081 1206 emittunts
1118 1125 1232 1214 hujus
1265 1125 1324 1193 illu

272 1217 488 1332 minationis
511 1218 714 1292 catarrhum
731 1219 968 1314 doloremque
992 1222 1124 1316 capitis
1148 1235 1328 1317 reportant

270 1337 433 1420 praemla.

273 1521 277 1540 “
348 1505 431 1598 ''18.
459 1516 577 1614 Quam
595 1511 740 1587 moestos
767 1515 886 1588 Talori
902 1513 1020 1586 fumus
1043 1513 1201 1588 effestus
1227 1514 1329 1588 secum

274 1613 406 1702 habet,
433 1612 483 1684 *in
512 1611 595 1684 huic
621 1611 785 1684 nondum
814 1611 988 1700 adsuetis,
1029 1613 1165 1704 quibus
1194 1616 1329 1704 vertigi-

273 1715 379 1797 nem,
416 1709 935 1806 vomitum&cephalalgiam
967 1709 1130 1802 inducit,
1177 1713 1328 1805 quotidie

274 1805 518 1910 observamus.
885 1813 888 1818 '

289 2009 295 2032 ¹
372 2023 428 2099 19.
454 2001 571 2075 Terra
600 2025 747 2095 quoque
772 2001 844 2094 ipsa
864 2002 1081 2092 'qrrunsdam
1105 2003 1205 2076 locis
1226 2025 1324 2097 vapo·

271 2125 331 2178 res
362 2102 454 2175 adeo
482 2103 660 2196 malignos
685 2102 718 2172 ἃ
741 2100 904 2174 absolute
933 2103 1056 2174 letales
1088 2103 1247 2190 emittit,
1279 2117 1320 2192 ut,

274 2223 356 2275 cum
383 2200 462 2294 quis
492 2199 614 2272 nasum
647 2199 715 2271 illis
749 2199 975 2287 admoverit,
1012 2200 1047 2272 in
1078 2200 1229 2273 humum
1258 2223 1322 2271 mo·

272 2317 467 2373 mentanea
495 2311 617 2370 morte
638 2298 851 2385 ‘delabatur3
886 2295 939 2368 Os
965 2297 1132 2370 Plutonis
1168 2299 1320 2379 Hierone·

272 2413 429 2496 puteus,
467 2397 503 2468 in
531 2395 673 2490 fastigio
704 2395 830 2482 collis‚
868 2396 1037 2468 exhalans
1066 2398 1221 2469 nebulas
1244 2398 1314 2466 leta·

273 2499 347 2584 les,
366 2515 526 2568 numero
552 2493 681 2566 horum
704 2515 779 2566 non
798 2491 849 2564 est
868 2493 1124 2568 excludendus.
1183 2495 1310 2568 Asnaus

275 2597 457 2690 'Campania
488 2591 522 2661 δι
554 2597 721 2664 Charonris
756 2591 879 2684 specus
912 2592 947 2663 in
986 2614 1071 2682 agro
1106 2592 1308 2676 Puteolana,

273 2693 450 2782 scobsque
480 2691 610 2764 Pemlti
636 2689 853 2781 Monspelii,
883 2711 1063 2780 vapores,
1100 2712 1192 2763 aves
1218 2688 1311 2780 snper·

272 2790 466 2872 volantes,
495 2807 539 2856 ex
561 2786 737 2856 sententia
754 2787 1008 2878 antiquorum,
1034 2787 1246 2872 mestruas,
1268 2807 1317 2856 ex·

272 2885 420 2973 halant,
447 2879 535 2952 vide
562 2882 610 2952 D.
624 2881 661 2952 D
690 2884 833 2976 Sauoag.
852 2885 928 2958 Aa.
948 2886 1026 2978 Ups
1040 2903 1102 2980 pro
1116 2887 1215 2959 Anno
1228 2906 1315 2976 ¹74²·

274 2979 416 3072 Canes,
448 2978 507 3072 qni
536 3001 580 3050 ex
607 2980 783 3070 ejusmodi
816 2982 981 3053 cauernis
1008 2979 1247 3056 subterraneis
1265 2981 1318 3074 spi-

272 3081 382 3154 'ritum
412 3077 617 3162 attrahunt,
642 3078 889 3167 emoriuntur,
920 3081 1016 3171 quod
1045 3084 1318 3174 experimentum

273 3177 367 3272 ¹trpud
391 3176 526 3264 Italos,
554 3174 734 3248 hodierno
764 3177 870 3248 etiam
892 3191 1079 3268 tempore,
1107 3201 1191 3251 cum
1216 3179 1255 3250 iis
1276 3179 1317 3247 in·

272 3276 455 3364 stituitur‚
486 3273 545 3366 qui
577 3273 700 3366 specus
727 3274 855 3362 hosce,
888 3275 1022 3348 Grotta
1051 3276 1122 3348 dell
1153 3299 1241 3350 cane
1264 3298 1319 3344 ro·

273 3387 380 3461 cant;
416 3373 491 3444 A'tir
518 3371 620 3444 hicce
653 3373 812 3464 impurus
843 3385 946 3446 terre
977 3373 1130 3473 propior
1161 3375 1318 3465 omnique

271 3474 345 3546 alio
364 3469 512 3566 grauior
533 3469 594 3541 est.
648 3469 694 3538 D.
719 3469 900 3564 Sauungcs
925 3473 1028 3562 lnrjus
1052 3471 1191 3545 indolis
1215 3480 1315 3544 airam

232 3583 237 3592 '
269 3571 308 3660 jn
337 3571 497 3663 lagenam
527 3565 680 3639 vitream
706 3567 837 3638 inludit
864 3591 1035 3656 nactum,
1063 3573 1314 3662 quamoptime

271 3666 450 3742 occlusam
481 3663 639 3738 servavit
666 3666 719 3748 &a
755 3666 880 3736 exatlo
915 3669 1089 3739 temporis
1118 3668 1306 3746 intervallo,

159 3819 161 3824 ,
268 3779 311 3838 ut
343 3764 525 3858 qualitatis
554 3763 646 3836 abiis
681 3763 803 3836 inclusi
835 3765 971 3837 certior
990 3747 1128 3856 lieret,
1168 3767 1306 3861 lagenam

269 3877 427 3956 apertam
449 3861 550 3956 supra
572 3859 692 3934 nasum
712 3861 811 3932 canis
829 3862 978 3951 alludit,
1009 3865 1092 3958 qui,
1119 3887 1202 3938 eum
1219 3879 1308 3938 atna-

265 3959 378 4056 hen8‚
408 3961 447 4036 in
467 3975 598 4035 terram
624 3959 863 4036 moribundus
887 3960 1032 4036 decidis
1229 4059 1277 4132 A·

1153 4083 1210 4136 20.
1262 4079 1304 4144 er,
