2630 4776
282 251 478 330 CULINA
506 251 747 330 MUTATA.
971 266 1073 352 ης·

50 433 146 522 ubam,
162 429 361 528 producere
379 431 497 508 edout
517 431 646 508 sumus.
695 433 746 510 Hi
770 429 896 528 sapore
912 435 1045 512 bulbos

56 531 234 619 ammons,
259 531 397 606 virtute
415 545 534 606 autem
551 533 628 608 fere
645 547 835 624 exaquant
849 531 939 627 vim,
961 535 1043 610 Bul·

59 627 301 722 iimtiquorum
319 629 534 704 testimoniis
556 629 788 706 vindicatam.

300 775 307 790 .
442 777 476 868 ᾗ
528 767 590 844 m
742 779 744 783 ,

107 887 181 960 Sion
203 884 426 962 SISARUM
447 909 525 962 eam
557 911 578 962 a
598 887 785 964 veteribus
813 889 1045 986 adprobatio-

42 1001 99 1056 nem
112 984 246 1075 metuit,
272 1001 314 1060 ut
336 985 485 1062 Tiberius
497 987 657 1084 Princeps
670 987 929 1088 iiiudflagitorrt
946 999 1046 1068 onmi-

43 1083 194 1156 itsmriso
214 1085 406 1160 Germania:
436 1085 579 1160 Gelduba
599 1089 759 1182 apellatur
775 1089 935 1180 castellum
954 1095 1048 1164 rimo

42 1179 187 1272 opificum,
212 1181 470 1284 obigenerofitas
484 1189 669 1294 precipua,
693 1181 783 1256 teste
799 1185 919 1258 Plinio.
953 1183 1046 1262 Non
1084 1199 1091 1212 “

42 1275 91 1348 tine
104 1277 196 1350 cauffo
212 1281 404 1372 miramur,
434 1301 498 1354 cur
516 1281 641 1370 radix,
666 1295 736 1354 tam
756 1279 853 1354 facili
874 1305 987 1377 opera
1007 1283 1047 1360 in

44 1371 123 1446 hortis
140 1375 263 1450 nostris
288 1378 504 1472 plantanda,
542 1394 686 1472 tamque
714 1377 829 1454 dulcis
855 1377 888 1452 ir
913 1379 1046 1474 sapida,

50 1485 181 1562 utptrem
208 1475 273 1548 vix
299 1473 488 1572 agnoscat,
513 1491 649 1550 tantam
675 1476 768 1570 apud
796 1499 865 1551 nos
884 1476 1048 1552 desuetu-

45 1565 122 1640 iioen
143 1569 290 1664 sentiat,
312 1589 353 1646 ut
380 1577 416 1648 in
442 1573 654 1668 pauciffimis
677 1575 793 1648 hortis
822 1587 1047 1668 compareat,

41 1659 80 1734 sei
93 1683 195 1742 contra
213 1669 510 1746 PASTINACA
528 1673 663 1767 sativo,
690 1693 767 1766 quae
789 1671 884 1767 apud
901 1685 1048 1747 veteres

43 1765 136 1838 ouran
156 1769 341 1860 praestabat
357 1765 481 1860 usum,
508 1770 673 1863 quamvis
693 1771 731 1846 in
752 1769 899 1865 Europa
919 1769 1049 1866 sponte

44 1859 153 1952 noscat,
173 1866 390 1958 invaluerit,
416 1881 460 1940 ut
473 1869 635 1942 omnium
651 1867 728 1943 fere
746 1867 788 1942 srt
808 1867 1047 1942 communiffi-

44 1976 95 2045 ma,
111 1961 310 2056 forteideo,
334 1965 630 2060 quodmajorfit,
655 1965 839 2062 magisque
855 1963 1046 2062 sufficiens,
1130 2057 1140 2068 ,

47 2073 92 2128 oet
108 2080 165 2136 ooo
186 2062 345 2138 faciliori
369 2085 483 2158 opera
506 2064 717 2160 purgabilis.

112 2355 219 2438 FABA
228 2377 409 2452 veterum,
420 2361 479 2436 seu
490 2363 672 2458 Nymphon
682 2359 843 2436 Neiumio
856 2357 965 2452 longe
979 2357 1051 2436 alia

50 2459 236 2551 entplsota,
264 2483 369 2554 quam
388 2483 465 2554 quae
479 2459 587 2534 nobis
598 2459 695 2534 Faba
713 2473 879 2532 vocatur.
914 2457 1049 2550 Graeci,

47 2547 171 2642 imprimis
194 2573 353 2648 veteres,
376 2558 480 2651 hujtrs
505 2557 541 2630 in
565 2556 667 2649 aquis
683 2569 836 2650 reperta
858 2554 990 2629 semina
1006 2555 1049 2628 li-

48 2643 135 2724 benter
148 2656 404 2740 comedebants
428 2654 487 2729 sed
509 2654 684 2727 videbant
699 2653 953 2748 prudentiores
971 2675 1050 2728 non

50 2746 176 2834 utinum
189 2753 259 2828 hoc
277 2753 347 2828 effe
372 2753 603 2842 alimentum,
633 2773 716 2826 cum
735 2771 908 2826 venerem
932 2751 1050 2826 exun-

50 2857 113 2930 ifflt:
134 2851 208 2926 Nos
226 2873 303 2927 eam
320 2873 389 2926 nec
408 2853 570 2946 plantare
585 2849 788 2944 poiiumus,
813 2871 882 2924 nec
905 2847 1050 2944 dignam

48 2933 188 3040 htbenus,
213 2951 308 3026 unde
333 2961 620 3043 transportetur,
651 2969 733 3022 cum
754 2947 875 3022 fabam
904 2961 1049 3022 contra-

45 3035 80 3108 n‘o
92 3042 201 3121 effetus
214 3047 394 3128 detexerit
411 3045 553 3140 sequior
569 3059 675 3136 atas,
699 3045 923 3120 flatulentam
937 3043 971 3116 δι
983 3067 1050 3138 per

44 3137 218 3236 cotiseouens
234 3147 363 3220 veneri
385 3146 558 3234 amicam,
583 3141 897 3218 PHASEOLUM
916 3144 1049 3234 loquor

44 3235 180 3328 inignem
197 3265 241 3320 ex
258 3243 362 3318 India
385 3242 597 3332 oriundam,
622 3240 656 3314 δι
678 3239 866 3313 veteribus
887 3251 987 3312 certe
1010 3239 1052 3316 in

43 3329 214 3416 minoribus
238 3343 249 3414 i
257 3355 418 3440 gnotam.
481 3339 642 3436 Frigoris
680 3337 823 3432 quidem
857 3335 1050 3433 impatiens

44 3425 92 3516 est,
114 3433 163 3510 sed
182 3443 329 3516 uberem
358 3453 477 3514 tamen
506 3435 601 3534 apud
630 3457 700 3512 nos
725 3433 836 3510 habet
858 3433 1049 3520 fruiiificm

42 3521 152 3607 tionem.

452 3635 485 3728 s·
535 3631 598 3706 n.
798 3715 808 3736 .

111 3739 271 3824 ERUCA
295 3745 462 3850 (Broffico
477 3741 618 3836 Erucn)
642 3745 830 3820 veteribus
849 3743 887 3818 in
906 3739 1053 3815 cibariis

46 3829 106 3909 adeo
123 3841 183 3919 fuit
205 3849 396 3943 frequens,
421 3859 467 3921 ut
490 3845 656 3920 acetariis
678 3841 818 3918 connis
845 3837 1052 3916 admiscere·

45 3933 96 4026 Ψ,
114 3961 171 4020 ceu
192 3967 270 4042 quae
292 3961 466 4023 nemmem
489 3943 539 4030 iu¹
554 3953 695 4022 tautum
721 3940 881 4018 excitare
914 3933 1052 4124 crefiriitt?
