2630 4776
223 255 295 326 124
517 229 719 306 CULINA
745 231 986 307 MUTATA.

220 418 272 490 las
296 411 379 486 inde
403 412 516 486 sumat
537 411 580 484 ad
610 412 860 502 exornandas,
886 434 962 486 non
983 432 1075 486 vero
1101 411 1297 488 condien·

220 514 282 585 das
312 511 465 605 patinas.
515 509 609 582 Etsi
635 513 714 601 quis
737 527 846 602 negat
871 511 1085 604 Boraginem
1109 518 1313 586 veterum,

221 610 290 682 effe
319 609 491 696 eandem,
529 629 607 700 quaa
633 610 705 700 jana
735 609 865 680 eodem
893 607 1080 702 insignitur
1108 609 1296 698 nomine,

219 707 278 782 sed
295 707 418 800 potius
433 708 616 800 Anchufam
637 706 835 798 quandam,
862 728 980 798 neque
995 706 1056 778 illa
1073 708 1153 798 jam
1176 707 1221 780 in
1235 705 1299 780 usu

220 805 295 891 est,
320 806 384 877 nist
400 803 497 896 quod
515 803 638 875 infima
656 805 756 896 plebs
771 827 889 875 verno
906 817 1072 897 tempore
1082 804 1188 877 folia
1201 825 1296 876 non-

218 905 316 978 nulla
338 904 507 994 decerpat
524 903 685 973 oleribus
705 901 819 972 codis
833 903 1107 976 commiscenda.
1141 903 1293 974 Verum

217 1001 329 1073 hodie
346 1002 514 1091 frequens
535 1001 572 1072 in
592 1000 708 1071 hortis
726 1001 837 1072 herba
853 999 905 1071 est
917 999 1100 1071 RUMEX
1119 999 1286 1092 Acctosa.

217 1103 347 1192 alpina,
372 1101 550 1170 Rntbenica
568 1112 630 1169 aut
641 1099 821 1190 Hispanica
837 1096 943 1186 dida,
968 1119 1045 1190 quae
1061 1097 1105 1167 ad
1119 1097 1287 1168 embam-

218 1210 313 1270 mata
332 1195 495 1290 quotidie
517 1217 598 1267 cum
614 1196 750 1286 butyro
768 1195 901 1266 &ovis
923 1211 1045 1288 parata
1070 1194 1292 1282 adhibetur,

220 1295 318 1386 quod
346 1295 527 1366 novitium
562 1293 612 1365 est
642 1293 832 1365 inventum
860 1293 898 1364 in
930 1293 1072 1382 culina,
1109 1291 1294 1386 quamvis

219 1393 314 1485 apud
342 1391 537 1484 Lappones
560 1389 820 1483 &Samojedas
844 1389 1131 1482 antiquiliimum.

662 1575 695 1662 §-
746 1568 832 1642 vu.

266 1689 269 1697 ⁴
313 1685 450 1760 BETA
476 1690 626 1779 vulgaris
654 1686 714 1758 seu
737 1689 820 1760 Bata
842 1690 915 1759 alba
936 1690 989 1759 vel
1008 1685 1213 1781 pallescens.
1255 1691 1294 1762 C.

218 1786 325 1858 Baad.
357 1793 424 1877 pin.
446 1796 526 1865 118.
554 1784 739 1856 veteribus
769 1807 869 1877 aeque
891 1784 961 1857 fuit
987 1784 1024 1856 in
1051 1782 1199 1856 culinis
1225 1785 1298 1858 fre-

219 1896 413 1972 quentata,
451 1883 499 1953 ob
533 1883 682 1954 eandem
710 1881 1024 1969 fere·rationem‚
1065 1903 1106 1951 ac
1136 1883 1298 1972 Malva,

217 1980 305 2052 hinc
325 1988 421 2076 pigro
437 1987 545 2052 ventri
569 2005 630 2052 nnn
655 1985 785 2052 inutiles
804 1982 926 2064 Batus,
957 1981 1135 2051 Martialis
1167 1981 1296 2054 nomi·

217 2093 292 2150 nat.
343 2079 420 2172 Jam
438 2098 529 2149 vero
548 2079 674 2151 meniis
691 2076 823 2150 nostris
838 2099 922 2149 raro
945 2076 1181 2169 imponitur,
1209 2099 1298 2152 cum

216 2174 380 2269 saporem
402 2198 466 2268 per
491 2173 524 2246 se
550 2198 627 2248 non
652 2176 804 2262 habeat,
831 2174 890 2247 sed
914 2177 1110 2247 multorum
1142 2197 1297 2248 aroma·

216 2287 293 2348 tum
312 2273 570 2347 acceffionibus
589 2275 759 2367 indigeat.
795 2272 904 2345 Unde
922 2273 1029 2345 etiam
1051 2273 1271 2348 Martialis:

341 2397 387 2467 Ut
403 2395 536 2490 sapiant
552 2390 656 2481 satuae
673 2391 844 2480 fabrorum
866 2395 1004 2484 prmadia
1028 2391 1131 2476 Betae,

190 2583 193 2592 Ι
339 2496 370 2567 Ο
398 2491 593 2586 quamsaepe
612 2496 695 2584 petit
723 2495 801 2560 vina
824 2496 976 2582 piperque
1000 2495 1146 2581 coquus!

216 2619 267 2693 Et
293 2616 387 2688 hanc
415 2610 464 2682 ob
491 2607 641 2681 caudam
674 2627 750 2678 non
781 2607 842 2677 nin
867 2629 886 2676 a
914 2605 1041 2698 coquis
1067 2621 1301 2700 magnatum

216 2724 457 2810 prandetur,
488 2706 548 2799 qui
570 2704 691 2777 multis
715 2703 935 2775 aromatibus
951 2703 1057 2793 cibo,
1084 2706 1219 2794 perse
1243 2709 1303 2783 in-

215 2811 355 2904 sipid0,
382 2805 542 2897 saporem
561 2801 759 2875 conciliare
778 2814 925 2874 norunt.
977 2799 1060 2871 Nos
1082 2822 1188 2874 vero
1213 2805 1301 2879 BE·

215 2909 334 2983 TAM
362 2905 556 2990 habemns,
593 2921 670 2992 quae
700 2898 886 2970 veteribus
914 2919 990 2970 non
1016 2897 1086 2969 fuit
1109 2905 1305 2996 cognita,

215 3029 347 3100 nempe
373 3004 524 3086 rubram,
560 3003 666 3069 radice
694 3013 791 3091 rupae.
836 2999 939 3069 Batth.
969 3002 1040 3090 pin.
1061 3007 1145 3076 118.
1179 3003 1304 3095 cuius

213 3128 292 3182 non
315 3101 424 3188 fona,
452 3111 493 3168 ut
510 3096 664 3189 prioris,
691 3092 749 3166 sed
766 3093 922 3166 radicem
943 3093 1174 3184 adhibemus,
1211 3121 1305 3190 quae

215 3204 356 3278 acidum
382 3196 474 3269 aceti
501 3193 690 3280 exsorbet‚
718 3189 939 3264 stomachum
963 3189 1103 3280 reficit,
1138 3193 1177 3264 δι
1205 3197 1306 3272 fria.

213 3302 356 3376 bilitate
374 3293 604 3382 nonninus,
631 3311 735 3382 quam
758 3290 885 3362 colore
904 3288 973 3364 sese
999 3293 1273 3368 commendat.

647 3491 681 3578 ς.
732 3482 837 3556 vui.

314 3622 462 3696 BULBI
485 3636 649 3695 veterum
679 3619 771 3691 adeo
797 3617 879 3694 fatu
904 3617 984 3690 sunt
1005 3615 1229 3714 ignobiles,
1261 3641 1313 3702 ut

215 3720 422 3813 conjenura
442 3721 506 3792 vix
523 3717 762 3792 determinare
784 3718 998 3806 audeamus,
1026 3714 1176 3808 quinam
1208 3722 1310 3798 fue-

212 3819 288 3898 rint
305 3842 323 3890 a
341 3818 515 3891 Romanis
533 3815 690 3907 antiquis
716 3827 909 3909 tantopere
931 3814 1059 3886 usitati.
1111 3812 1190 3910 Sed
1216 3843 1309 3900 nos

214 3914 363 3992 vicissitn
384 3912 811 4022 ASPARAGOSaltiles
834 3911 983 4006 melius,
1010 3933 1115 4005 quam
1132 3912 1207 4085 lull}
1237 3919 1311 3996 so.

1149 4033 1170 4083 e
1202 4033 1311 4114 ant,
