2630 4776
204 215 206 226 Ι
263 288 333 361 116
363 274 786 358 TRANSMUTATIO
815 277 844 352 F
846 275 1248 382 RUMENTQRUML

354 561 512 633 Veteres
539 555 736 628 credebant
764 556 982 628 frumentum
1010 579 1075 648 per
1099 555 1237 651 gradus
1268 557 1313 634 de

259 673 432 755 generare
453 657 490 728 in
516 653 686 726 macriori
709 665 827 745 terra,
858 666 965 745 atque
991 653 1172 726 Triticum
1203 654 1247 726 in
1271 660 1313 730 Se

260 763 345 842 cale,
371 754 497 826 Secale
522 753 558 824 in
579 752 765 838 Hordeum,
794 750 983 824 Hordeum
1006 752 1043 824 in
1066 753 1228 839 Latium,
1254 751 1313 825 Lo

258 856 347 928 lium
364 852 402 924 in
424 854 577 923 Bromum
586 901 599 938 ‚
626 849 796 921 Bromum
812 849 849 920 in
868 849 1018 921 Avertam
1036 850 1070 920 δι
1089 850 1134 921 sic
1154 873 1229 941 per
1252 871 1310 944 gra

259 951 324 1026 dus
351 948 586 1036 descendere,
612 943 723 1018 immo
739 946 935 1036 credebant
951 947 1060 1018 etiam
1080 947 1221 1019 semina
1240 947 1308 1020 Bru

258 1049 307 1124 mi
326 1050 388 1119 vel
408 1045 548 1120 Hordei
576 1047 612 1116 in
638 1045 809 1117 fertiliori
835 1059 930 1116 terra
952 1047 1155 1137 producere
1178 1045 1306 1118 Secale

258 1146 419 1221 Duravit
452 1145 528 1216 haec
561 1143 715 1235 opinio,
753 1143 921 1234 quamdiu
951 1145 1082 1235 plantae
1123 1165 1313 1236 earumqu

258 1247 370 1319 flores
394 1241 711 1334 conspiciebantur
729 1262 749 1311 e
769 1241 972 1333 longinquo
992 1241 1025 1311 δι
1044 1240 1217 1336 fugitivis
1239 1265 1308 1314 ocu

259 1343 324 1428 lis;
353 1339 542 1434 postquam
571 1361 663 1409 vcro
696 1338 939 1432 Malpighius‚
973 1337 1270 1410 Tournesortius
1296 1348 1315 1403 ι.

260 1440 321 1512 alii
345 1438 489 1510 armatis
511 1437 627 1508 oculis
654 1434 914 1528 inspiciebant,
942 1435 1194 1508 describebant
1214 1437 1251 1508 δι
1267 1436 1307 1508 de

259 1536 446 1611 lineabant
471 1535 602 1607 florum
628 1547 772 1626 partes,
806 1535 914 1604 etiam
942 1532 1215 1622 minutissimas,
1242 1557 1303 1607 cu

259 1657 382 1708 earum
403 1631 641 1718 differentiis,
672 1631 706 1700 be
723 1653 767 1702 ex
783 1630 839 1702 his
857 1631 1057 1722 plantarum
1076 1653 1213 1726 genera
1233 1654 1306 1706 con

259 1732 456 1805 stituebant
488 1727 735 1819 diversissima,
770 1751 814 1800 ex
846 1727 1186 1802 fructificationibus
1223 1753 1315 1824 aequ

260 1829 408 1901 diversis
442 1841 639 1920 prognata,
673 1825 857 1900 obmutuit
886 1826 961 1899 haec
987 1828 1128 1920 opinio.
1202 1827 1307 1901 Diffe

259 1938 345 2000 runt
360 1925 456 1997 enim
476 1923 571 1996 inter
591 1923 624 1995 se
647 1923 722 1996 lraec
744 1923 835 1995 dicta
849 1922 1012 1995 Cerealia
1030 1924 1052 1997 s.
1070 1926 1263 2014 Gramina,
1282 1949 1315 1999 ιι

260 2023 378 2114 Ovis,
406 2022 545 2093 Cervus
564 2022 597 2090 &
614 2019 800 2109 Carmelus,
826 2044 894 2093 nec
919 2023 1025 2094 unica
1045 2045 1125 2115 pars
1152 2021 1270 2117 ligura
1295 2032 1306 2087 ι’

259 2115 504 2216 proportione
538 2120 738 2208 convenit,
766 2117 825 2190 sed
851 2141 951 2212 aeque
980 2117 1118 2193 diversa
1146 2120 1232 2194 sunt
1261 2144 1303 2216 ge

258 2237 386 2292 nerum
409 2216 582 2290 struitura
600 2217 675 2291 haec
693 2216 874 2310 gramina,
901 2239 942 2290 ac
960 2217 998 2290 in
1016 2217 1075 2291 sua
1093 2217 1215 2310 specie
1235 2241 1305 2292 con

259 2317 393 2390 stanter
419 2315 628 2386 uniformia.
690 2315 765 2418 Qui
791 2313 911 2407 potest
940 2316 1136 2406 concipere
1166 2316 1288 2389 Haedu

259 2413 493 2508 progenerari
526 2433 546 2481 a
572 2411 748 2503 Lepore,
794 2410 952 2484 Cervam
982 2435 1001 2484 a
1030 2413 1213 2503 Camclo‚
1265 2417 1315 2487 ill

259 2510 370 2582 etiam
400 2508 494 2580 solus
527 2508 646 2600 capiat
681 2507 806 2581 Secale
836 2532 881 2581 ex
908 2509 1041 2583 Avena
1073 2524 1134 2583 aut
1163 2511 1315 2586 Horde

259 2607 418 2702 prodire.
469 2606 528 2679 Sic
559 2606 767 2679 caecutimus
791 2608 873 2681 lnce
897 2608 1114 2698 meridiana,
1147 2622 1192 2682 ut
1217 2614 1315 2706 talp

260 2707 298 2778 in
321 2703 380 2776 sua
401 2703 535 2792 domo,
563 2705 644 2775 dum
672 2706 839 2778 nolumus
864 2707 964 2778 exire
986 2707 1020 2778 &
1042 2709 1175 2798 apertis
1203 2711 1306 2782 oculi

171 2835 185 2854 ι
259 2801 394 2875 intueri
411 2815 586 2874 naturam.
620 2801 753 2873 Nullus
775 2802 911 2892 credat,
933 2804 993 2875 vel
1008 2804 1176 2876 eSecalis
1199 2810 1315 2879 culm

259 2902 321 2972 vel
342 2898 483 2972 Avenae
503 2899 600 2970 aliud
620 2901 736 2972 enasci
759 2922 927 2994 gramen,
951 2923 1055 2993 quam
1078 2903 1174 2993 quod
1204 2905 1309 2978 fuera

260 3012 387 3086 antea,
418 2998 587 3090 quodque
618 2998 772 3069 latuerat
802 2999 895 3070 intra
919 3021 1074 3093 gemmas
1103 2999 1254 3075 reliEias
1285 3023 1315 3074 a«

259 3095 439 3183 radicem,
465 3117 542 3187 quae
565 3096 782 3187 compendia
803 3095 882 3167 sunt
899 3096 1101 3169 futurorum
1118 3121 1311 3174 ramorum

254 3217 327 3276 nec
348 3192 556 3287 producunt
582 3193 692 3288 magis
711 3192 872 3265 diversos
900 3197 1060 3284 culmos,
1085 3217 1192 3287 quam
1214 3201 1307 3270 arbo

258 3292 389 3365 resecta
413 3313 544 3363 ramos.
595 3291 679 3362 Nec
703 3289 792 3362 facit
808 3313 918 3363 *mora
942 3293 1081 3384 hyemis
1107 3293 1313 3388 quidquam

258 3390 423 3464 simodo
456 3388 558 3462 radix
596 3388 737 3460 Avenae
774 3389 950 3462 resisteret
985 3390 1118 3482 hyemi.
1203 3392 1311 3468 Flor

259 3489 406 3560 alumno
429 3485 645 3558 notiliimum
668 3484 741 3574 est,
770 3487 867 3577 quod
895 3509 1021 3559 omnes
1046 3489 1179 3580 plantae
1208 3491 1271 3564 fut

259 3585 342 3657 anni
361 3605 441 3655 cum
462 3583 612 3656 floribus
632 3583 666 3655 δι
684 3583 805 3670 foliis,
834 3584 900 3657 hac
919 3586 992 3677 ipsa
1011 3585 1130 3658 aestate
1150 3591 1312 3680 perse&

259 3682 487 3754 &omnibus
524 3679 593 3752 suis
633 3681 797 3774 partibus
836 3682 1093 3777 distinguendae
1129 3685 1310 3776 prostent

257 3779 424 3872 quamvis
450 3779 588 3850 lateant
607 3779 701 3850 intra
723 3777 799 3852 suas
820 3800 988 3873 gemmas.
1040 3780 1220 3854 Evolvite
1252 3789 1275 3857 b

257 3877 344 3949 bum
360 3875 525 3968 Tulipae,
549 3897 705 3970 gemmas
717 3875 912 3970 Daphnes,
942 3877 1099 3951 radicem
1115 3880 1315 3973 Hepatic.

258 3973 484 4049 &videbitis
502 3975 614 4067 folia,
638 3973 772 4068 flores,
799 3998 880 4050 cum
900 3977 1049 4070 calyce,
1075 3979 1235 4069 corolla,
1261 3982 1310 4053 st.

1215 4077 1306 4154 min
