2700 4780
271 223 349 304 m
566 194 1030 310 „wsscuoun‘

270 383 315 452 ἐἴ
373 381 694 466 Ferculumnobis
715 414 861 487 quoque
878 411 1044 487 paramus
1065 413 1086 466 a
1104 393 1233 490 Castis,
1257 399 1324 488 uua

220 489 222 494 ’
276 511 384 565 carne
414 487 554 578 abrasa,
572 509 680 563 meru
705 494 766 564 vel
796 493 969 564 cratimla
994 489 1173 584 affantur,
1208 494 1325 566 vitan·

274 611 346 680 que
371 588 520 682 exigunt
547 588 786 681 laboriosam,
811 589 996 686 pinguedo
1025 591 1123 665 enim
1148 591 1328 666 combusta

270 685 483 761 difficillime
509 685 714 760 resolvitur.
844 723 846 728 ·

312 871 328 903 ,-
370 813 563 896 ROTULI
599 841 745 916 quoque
775 819 925 894 multum
956 791 1082 894 ualent
1117 819 1215 915 apud
1247 819 1331 916 agri·

268 917 409 1016 [colam
432 931 473 990 ut
497 917 636 1012 majore
657 919 839 1012 pollentes
866 918 1098 1016 pinguedinis
1125 919 1239 1015 copia
1266 941 1331 1014 pra

264 1016 346 1114 [alio
371 1015 571 1090 farcimine.
704 1059 709 1078 r
824 1103 827 1112 ¹

366 1131 661 1208 TOMACULA
680 1157 699 1206 a
720 1157 828 1208 carne
846 1153 973 1207 eorum
992 1147 1115 1228 parata
1136 1133 1329 1210 suaviffima

271 1233 372 1322 sunt,
399 1256 552 1328 quorum
578 1232 808 1306 Boloniensra
832 1232 976 1325 plurimi
1007 1233 1254 1323 estimantur,
1289 1235 1329 1308 se·

271 1333 428 1406 cundum
450 1333 621 1404 obtinent
637 1329 860 1404 Lubecensra
880 1331 1024 1422 locum,
1051 1354 1130 1424 quae
1152 1355 1174 1406 a
1201 1331 1328 1406 delica-

112 1505 115 1514 ,
271 1433 428 1504 tioribus
451 1430 597 1503 minime
618 1427 843 1522 respuuntur.
894 1427 1012 1502 Immo
1037 1430 1102 1502 vix
1124 1429 1327 1504 Tomacula

262 1522 316 1601 'ab
343 1529 421 1604 aliis
456 1525 702 1601 conficiuntur
732 1527 1043 1622 quadrupedibus,
1084 1527 1151 1603 nili
1182 1551 1205 1604 a
1232 1531 1327 1604 lardo

261 1639 366 1722 'grata
389 1625 595 1702 reddantur.
1268 1636 1274 1642 '
1309 1643 1312 1648 ·

366 1757 592 1850 SUMlNA,
618 1784 697 1856 quae
719 1763 811 1837 tanti
835 1763 982 1838 fuerunt
1003 1763 1096 1858 apud
1121 1763 1321 1858 Romanos,

257 1862 392 1938 nostro
418 1881 499 1934 aevo
525 1860 803 1936 obsoleverunt:
829 1861 879 1934 ibi
896 1861 991 1936 enim
1013 1863 1112 1936 nulla
1133 1885 1242 1937 caena
1261 1866 1321 1940 line

267 1960 405 2038 sumine
423 1959 590 2034 adornari
608 1961 743 2054 potuit.
795 1959 928 2056 Sumen
947 1983 1038 2034 vero
1056 1959 1128 2034 fuit
1141 1962 1322 2040 abdomen

256 2060 402 2159 ,Scrofa
419 2057 580 2133 mammis
599 2057 804 2150 abundans,
832 2057 923 2132 lade
940 2057 1112 2154 turgidis,
1141 2061 1246 2152 quod
1269 2083 1321 2134 ex·

260 2158 513 2245 scindebatur,
543 2157 602 2228 vel
620 2157 730 2248 paulo
755 2170 859 2247 ante,
884 2158 945 2230 vel
967 2157 1074 2231 etiam
1095 2157 1221 2232 statim
1246 2157 1320 2252 poll

256 2270 426 2353 partum3
459 2257 531 2328 boc
559 2249 725 2341 aliatum,
751 2254 927 2328 ferculum
954 2269 1030 2327 erat
1055 2255 1127 2328 illis
1157 2255 1318 2350 praestau·

261 2355 437 2431 tiffimum.
488 2352 608 2426 Tauta
635 2354 743 2444 copia
768 2353 862 2446 apud
878 2352 1065 2427 Romanos
1087 2355 1315 2430 consumeba-

262 2469 322 2528 tur
344 2453 488 2544 sumen,
530 2465 571 2523 ut
598 2449 802 2542 Imperator
833 2451 1010 2541 Severus,
1045 2451 1212 2526 censoria
1237 2453 1310 2545 lege
1334 2445 1343 2471 ⁸

258 2555 456 2650 prohibere
488 2547 626 2660 metelle
656 2547 846 2638 habuerit,
881 2547 1088 2622 suminatam
1121 2549 1215 2625 suem
1235 2569 1304 2622 nou

259 2652 329 2726 elle
359 2649 617 2735 occidendam,
654 2669 701 2720 ne
725 2648 801 2721 haec
823 2645 992 2722 animalia
1019 2647 1150 2722 Romae
1177 2647 1306 2746 penitus

256 2751 450 2824 interirent
474 2771 516 2820 ac
539 2745 747 2820 delicerent.

354 2878 552 2954 VULVAE
584 2881 760 2955 Romanis
796 2882 921 2954 itidem
952 2883 1201 2979 maximopere
1233 2907 1313 2980 per·

256 2983 449 3076 placuere,
474 2979 592 3068 unde,
620 2981 720 3054 auin
739 2980 810 3052 ulla
828 3002 866 3052 re
883 2981 998 3072 major
1016 2997 1185 3058 veterum
1205 2984 1314 3058 fuerit

253 3077 411 3164 insania,
438 3077 501 3148 vix
525 3077 674 3166 dixero;
704 3091 780 3150 erat
795 3079 919 3150 Vulva
943 3079 1096 3172 triplex:
1120 3081 1311 3178 EJECTI·

255 3175 369 3265 TIA,
398 3173 655 3248 PORCARIA
679 3176 714 3248 &
741 3173 973 3249 STERlLlS.

248 3379 264 3420 ··.
349 3311 617 3409 EJECTlTlA
633 3315 754 3386 -vulva
774 3313 842 3386 suis
862 3317 1041 3407 glavidae,
1067 3317 1230 3394 aScrofa
1250 3323 1311 3394 ab·

246 3427 373 3488 ‚ortum
395 3410 488 3506 palla
510 3413 711 3486 sumebatur
733 3411 766 3482 u
790 3413 939 3486 abortus
962 3416 1143 3492 violentia
1170 3417 1308 3512 p'rovo-

249 3513 409 3586 cabatur.
469 3509 568 3604 Ergo
596 3510 795 3582 Plutarchus
818 3509 862 3580 de
890 3513 963 3607 Esu
990 3517 1168 3590 Carnium:
1214 3519 1305 3604 Alii,

246 3610 388 3702 inquit,
413 3611 563 3684 uberibus
579 3609 680 3700 ¹suum
704 3605 858 3698 sutorum
878 3611 1012 3702 instante
1031 3629 1134 3708 portu
1160 3614 1303 3710 infiliurt

243 3712 291 3796 fi?
312 3713 455 3794 calcant,
480 3723 516 3779 ut
532 3707 723 3806 sanguinem
739 3708 782 3791 &⁹
800 3709 871 3792 loc,
901 3711 944 3794 ἐξ
961 3712 1063 3784 tabem
1083 3711 1187 3802 sotus
1204 3713 1298 3805 final

243 3805 402 3897 interfetii
424 3813 509 3878 inter
532 3811 647 3878 matris
671 3806 790 3875 dolores
815 3811 1018 3894 eximentes„
1037 3807 1294 3911 proerupim

242 3908 286 4000 {5⁹
308 3905 443 3980 maxime
464 3903 609 4001 inflatam
632 3906 780 3976 minatis
795 3917 925 4000 partem
946 3919 1068 3982 vormt.

1181 4005 1294 4084 POR-
