2630 4776
258 274 331 366 aas
490 257 720 342 aaronem
750 237 1090 344 manarum,

182 465 185 471 '
256 450 298 526 im
321 443 442 523 infuso
466 444 626 540 aquoso,
649 444 710 519 sed
738 447 861 541 pulvis
882 445 1165 540 prestantiorem
1185 442 1291 518 exserit

256 547 437 624 enemim.
475 543 633 619 Additur
643 545 932 636 Rhabarbarum,
949 545 1011 617 vel
1028 544 1124 618 aliud
1139 542 1291 637 quoddam

256 646 563 724 medicamentum
601 643 739 720 laxans.
814 643 932 716 Puero
971 643 1107 716 trienni
1141 639 1291 716 sufficiunt

258 765 311 844 gr.
322 743 399 818 XX.
421 743 459 816 in
478 741 610 834 inrum,
622 743 684 814 vel
695 737 777 816 XII.
797 742 835 816 in
852 739 1061 832 substantia,
1086 740 1205 814 &hac
1220 737 1290 810 dois

258 862 365 920 mane
389 841 424 914 δι
444 838 672 934 vesperiper
697 841 840 934 aliquot
863 838 941 912 dies
964 839 1172 932 repetenda.
1223 835 1289 910 Ean

259 945 333 1018 hoc
363 955 436 1034 prae
466 938 546 1012 aliis
579 938 855 1014 medicamentis
881 936 1188 1010 anthelmi'nthicis
1210 934 1289 1008 habet

259 1037 562 1137 prerogativam,
595 1038 694 1129 quod
721 1039 842 1113 minus
868 1034 1007 1109 nausea
1033 1035 1189 1124 excitet,
1216 1031 1285 1104 &in

260 1138 447 1224 febribus,
487 1149 658 1228 tanquam
702 1135 823 1209 minus
860 1133 1102 1226 calefaciens,
1144 1125 1289 1226 prescribi

260 1233 378 1334 possit
428 1231 633 1308 infantibus
664 1232 837 1310 facillime
868 1231 1085 1326 propinatur
1118 1231 1155 1305 in
1188 1223 1290 1314 infuso,

263 1334 388 1409 addito
420 1330 583 1427 pauxillo
617 1331 741 1424 lastis,
782 1329 845 1403 sub
876 1329 1027 1404 nominc
1059 1343 1169 1423 potus
1195 1325 1291 1398 Tbea.

261 1432 372 1508 Licet
398 1449 543 1504 vermes
570 1451 647 1504 non
668 1427 807 1524 semper
832 1428 977 1522 ejiciat,
1007 1426 1237 1521 symptomata
1255 1433 1292 1492 ta·

263 1549 348 1606 men
369 1530 506 1622 semper
528 1527 790 1602 diminuuntur.
831 1525 950 1600 Puero
974 1526 1117 1620 nigritae
1139 1520 1294 1618 quadrien·

263 1631 326 1722 mi,
357 1629 459 1702 febre
484 1647 504 1700 a
527 1627 713 1700 vermibus
746 1625 905 1698 excitata
934 1624 1141 1714 laboranti,
1172 1617 1292 1716 septimo

265 1728 326 1802 dle
350 1725 559 1820 sequentem
586 1723 711 1798 austor
736 1719 951 1820 propinavit
970 1722 1184 1796 mixturam:

364 1873 407 1954 m.
432 1859 550 1955 Aquae
573 1857 745 1933 Theriac.
770 1859 942 1933 Drachm.
967 1855 1017 1932 ΙΙ.

271 2041 274 2045 ,
584 1956 696 2030 Font.
722 1958 820 2032 Une.
844 1956 893 2032 ΙΙ.
921 1956 1063 2034 esem.

409 2057 514 2130 Pulv.
540 2055 615 2128 rad.
641 2055 828 2131 Anthelm.
876 2117 880 2130 ,

408 2153 554 2228 Tartar.
581 2168 783 2250 regenerat.
811 2177 880 2230 ana
903 2153 1030 2253 Scrup.
1056 2153 1090 2234 Ι.

412 2253 579 2327 Sacchar.
604 2262 638 2346 q.
666 2251 698 2358 s,

363 2391 419 2465 M.
445 2389 557 2462 sumat
574 2391 745 2465 cochlear
764 2413 876 2467 unum
893 2390 1048 2468 secunda
1071 2411 1210 2486 quaque
1224 2389 1300 2462 hora.

268 2491 359 2569 Haec
375 2489 609 2582 repetebatur
631 2489 690 2562 die
715 2487 900 2585 sequenti,
929 2491 1026 2564 unde
1045 2491 1131 2586 post
1148 2486 1300 2564 meridiem

269 2590 419 2686 triginta
438 2586 605 2660 lumbrici
630 2602 765 2664 teretes
789 2591 924 2686 expulfi
942 2588 1024 2687 sunt
1039 2587 1074 2661 dt
1092 2589 1203 2663 febris
1223 2581 1300 2660 cest·

269 2688 340 2760 vit.
402 2685 652 2779 Repetcbatur
686 2711 833 2782 qnoque
863 2688 976 2763 tertio
1005 2685 1064 2760 die
1093 2687 1202 2784 post,
1232 2681 1300 2760 unda

271 2788 405 2860 iterum
430 2803 568 2859 novem
594 2783 700 2878 ejesli
725 2786 815 2862 sunt
973 2797 977 2810 ⁴

368 2979 495 3060 Nimia
526 2979 621 3054 dosis
652 2981 872 3079 vertiginem
903 2985 1041 3059 excitat
1074 3007 1160 3060 curn
1192 2973 1300 3076 spasmll

271 3077 398 3176 supra,
424 3078 573 3154 infra&
596 3079 634 3154 in
660 3081 742 3176 ipsis
761 3068 890 3156 oculis.
941 3084 1098 3159 Musculi
1122 3067 1300 3176 addudores

272 3179 446 3253 videntur
479 3175 547 3252 esse
581 3177 723 3272 affeddi,
766 3180 864 3274 quod
902 3205 949 3256 ex
981 3183 1170 3278 irregulari
1206 3189 1299 3252 eottlll

274 3274 418 3352 afflone
441 3290 554 3372 patet.
607 3277 697 3353 Haec
718 3277 960 3374 symptomata
977 3282 1039 3354 vel
1059 3280 1190 3374 sponte
1203 3291 1299 3350 evene

274 3373 399 3468 scunt,
423 3376 485 3449 vel
504 3377 749 3466 aromatibus,
774 3400 886 3452 croco
909 3392 972 3452 aut
996 3379 1196 3473 spirituosrs
1218 3389 1299 3451 remo

274 3487 421 3548 ventur.
473 3475 556 3579 Qua
580 3477 731 3584 propter
752 3489 871 3572 guttas
891 3479 1032 3571 aliquot
1051 3478 1128 3550 olei
1145 3473 1299 3570 ‘cujusda

276 3571 470 3647 essentialis
507 3575 774 3648 medicamento
812 3575 875 3648 suo
910 3574 1041 3649 addere
1070 3575 1167 3650 solet
1201 3569 1299 3648 audet

276 3665 471 3746 Existimat
496 3672 641 3746 tandem
665 3673 738 3747 hoc
763 3674 983 3764 remedium,
1009 3673 1048 3747 in
1072 3673 1252 3748 medicina
1276 3677 1299 3738 rt

277 3783 448 3862 ceptum,
474 3772 672 3844 multorum
693 3772 882 3847 hominum
901 3774 1016 3846 vitam
1037 3793 1058 3845 a
1076 3770 1238 3866 praecoci
1257 3766 1299 3842 sal

277 3867 352 3945 ssne
382 3867 498 3946 dublo
526 3868 785 3965 liberatumn,
819 3871 989 3968 additque
1021 3871 1095 3947 boe
1127 3891 1199 3968 per
1221 3869 1299 3962 plum

586 3983 592 4004 Ι
1213 3979 1298 4046 mo
