2700 4780
313 232 419 318 AER
456 229 789 318 HABITABILIS·
1008 265 1080 340 443

119 443 158 498 1.
184 419 357 500 CALOR
378 419 523 518 aeris&
538 417 742 518 FRIGUS,
778 419 891 497 variis
913 424 951 498 in
969 423 1084 500 Globl

10 523 209 615 serraquei
229 521 337 610 locis,
363 518 548 612 variisque
569 518 654 592 anni
677 520 923 614 temporibus,
947 521 1081 598 dlffern

17 625 123 708 Calor
138 617 432 712 intraTropicos
446 615 548 708 supra
564 615 661 710 grad.
673 621 731 709 3⁶·
748 617 785 690 in
804 617 896 692 locis
911 621 1085 696 umbrosis

17 737 105 790 raro
129 717 314 807 ascendit,
346 731 503 808 raroque
528 713 571 786 ad
589 714 686 808 grad,
702 735 758 786 20.
787 713 890 810 supra
911 718 1085 812 pontium

15 815 299 909 congelatione
326 809 519 886 descendit.
584 813 627 885 ln
652 813 749 886 India
776 813 959 904 Orientali,
988 817 1085 890 calo·

10 933 126 1003 rem,
156 915 317 986 maximo
335 910 487 983 durante
512 907 670 1004 frigore,
694 907 906 1003 quibusdem
933 915 969 987 in
992 915 1086 988 locis

10 1011 63 1081 ed
88 1009 197 1106 grad.
220 1009 352 1082 caloris
373 1025 428 1096 14
454 1003 799 1095 descendiffe,.vidi
823 1029 869 1082 ex
896 1010 970 1084 obl.
995 1009 1087 1087 Dtni

13 1107 161 1184 Brnad.
213 1105 552 1204 (Thermometrum
571 1099 738 1200 intelligo
755 1104 959 1200 Sueeicunr,
983 1111 1087 1204 cujus

13 1205 206 1299 pontium
238 1201 506 1300 congelationis
536 1201 653 1294 Aque
684 1199 736 1274 est
762 1209 809 1290 ος
843 1203 960 1298 Aque
996 1224 1087 1282 vero

13 1303 241 1376 ebullientis
261 1291 367 1392 100.)
416 1297 592 1394 Loefling,
617 1299 652 1372 b.
668 1319 715 1372 m.
733 1299 818 1373 dunt
837 1301 960 1377 iterio
978 1305 1088 1380 Ame-

15 1402 101 1476 rica
130 1401 244 1488 fecit,
268 1397 586 1472 Thennometrum
615 1397 658 1468 ad
678 1401 852 1470 Cumanam
870 1399 1011 1494 estate,
1034 1404 1089 1478 su.

18 1519 89 1593 pro
109 1499 212 1595 grad.
231 1519 289 1590 33.
307 1496 474 1570 &hieme
487 1494 581 1568 infra
600 1489 698 1590 grad.
718 1517 775 1587 24.
796 1497 928 1571 caloris
943 1498 977 1574 se
998 1523 1089 1577 nun-

23 1619 141 1688 quam
168 1592 292 1668 vidiffe
314 1591 482 1682 testatum
520 1593 694 1687 quocica
722 1592 953 1671 observamus
982 1621 1091 1692 expe·

22 1695 229 1768 rimenturn
260 1694 376 1767 hocce
409 1691 502 1766 locis
532 1689 807 1786 deprellioribus
840 1693 971 1786 faliunt
1000 1697 1090 1790 elle3

21 1793 117 1883 quia
138 1789 201 1864 sub
223 1789 424 1884 AEquatore
445 1803 589 1862 montes
611 1790 781 1878 altiores,
805 1807 981 1886 perpetua
1004 1796 1093 1886 nive

24 1887 207 1976 obducti,
234 1909 335 1980 eque
360 1907 402 1959 ec
430 1885 467 1961 in
492 1885 705 1979 Lapponie,
731 1887 978 1980 reperiuntur:
1005 1893 1092 1968 Sue·

24 1988 119 2060 cieo
150 1983 278 2060 nostro
306 1997 426 2058 autem
453 1981 515 2056 sub
545 1984 713 2071 climate,
751 1995 916 2078 tempore
949 1991 1091 2084 estivo,
1147 1983 1151 1988 ’

26 2083 199 2160 maximo
227 2081 396 2156 estuante
424 2079 579 2171 Calore,
618 2079 830 2154 Thermon.
857 2083 900 2156 nd
929 2087 1024 2180 grad.
1045 2109 1089 2180 31

26 2184 66 2256 dt
88 2205 163 2278 32,
188 2181 448 2272 hibernumque
470 2177 596 2274 Frigus
621 2177 664 2251 nd
682 2199 725 2270 31
746 2175 825 2272 ige
843 2179 935 2254 inire
960 2203 1093 2280 conge·

27 2280 190 2354 lationis
214 2276 405 2374 punitum,
433 2275 602 2352 vidimus.
653 2273 822 2348 Calorem
856 2295 975 2354 nutem
1004 2283 1092 2355 aelli·

30 2396 128 2452 vunt
150 2375 194 2450 ad
255 2375 312 2448 ad.
331 2375 398 2448 eal.
420 2373 497 2448 sere
516 2375 599 2465 e4d
621 2389 690 2465 25,
715 2372 749 2446 dt
771 2367 883 2468 frigus
905 2377 1095 2456 hibernum

35 2477 81 2549 ed
102 2473 203 2571 grad.
235 2474 300 2568 rig.
317 2496 364 2564 24
380 2475 400 2546 ὲ
417 2487 461 2562 25
480 2472 721 2546 communiter
745 2473 839 2564 apud
862 2495 930 2548 nos
952 2481 1094 2572 erpertl

35 2573 170 2647 sumus.
222 2569 334 2644 Doni.
353 2569 494 2644 Anton.
513 2569 669 2643 Rolnnd.
693 2569 854 2661 Martio,
881 2571 965 2646 dum
990 2597 1095 2651 mon-

39 2684 99 2743 tes
127 2667 409 2767 Spitzhergenses,
438 2665 558 2740 estate
584 2667 751 2761 proxime
780 2670 981 2762 preterita,
1014 2675 1095 2751 viss.

43 2767 152 2857 tevit,
176 2769 334 2840 calorem
350 2764 452 2858 sopra
468 2764 600 2838 caloris
617 2775 636 2847 8
655 2765 751 2862 grad.
766 2785 941 2859 nusquam
959 2791 1097 2868 cogno·
1206 2811 1214 2838 2

44 2867 122 2956 vit,
158 2865 242 2955 ubi,
273 2864 322 2938 ob
352 2861 531 2938 deleiiunt
564 2863 657 2958 ignis
692 2863 946 2956 alimentique,
986 2891 1096 2946 nemo

40 2963 194 3050 habitat.
244 2959 287 3034 ln
305 2961 515 3058 regionibus
536 2975 678 3052 eutem,
704 2961 746 3034 sd
771 2959 920 3036 boream
943 2969 1099 3044 menime

39 3061 304 3157 vergentibus,
339 3071 513 3150 quantum
542 3059 585 3131 stt
612 3058 781 3152 frigoris,
816 3059 904 3132 mihi
936 3065 1099 3141 nondum

39 3159 199 3234 constet.
251 3155 388 3248 Phyllei
413 3155 679 3248 Petropolitani
704 3155 748 3228 de
772 3169 871 3230 tante
895 3157 933 3229 vi
953 3158 1098 3256 frigoris

39 3258 88 3331 nd
111 3253 381 3330 Camiehatknm
404 3265 714 3340 commemorant,
739 3265 871 3344 quanta
896 3256 995 3328 omni
1023 3257 1100 3334 fere

37 3354 193 3430 veritati
219 3371 418 3446 repugnare
443 3349 609 3439 videtur3
633 3347 859 3424 certillinrunt
888 3365 1008 3428 temen
1034 3355 1099 3449 eil,

40 3451 146 3548 quod
167 3451 204 3524 ln
226 3448 281 3522 his
308 3447 511 3542 provinciis
543 3458 660 3540 terra,
692 3469 757 3541 per
782 3461 897 3521 totam
929 3451 1099 3547 estatem,

38 3549 227 3625 continuo
239 3547 320 3642 gelu
338 3543 430 3620 odeo
448 3543 649 3637 induretur,
673 3559 715 3619 ut
731 3555 862 3640 puteos
880 3569 955 3624 non
971 3549 1103 3644 posunt

39 3649 174 3724 fodere
195 3645 337 3720 incole.
388 3643 498 3717 Calor
522 3644 785 3740 intregrad.16
803 3643 902 3720 &00
921 3647 958 3720 in
980 3653 1102 3724 aelilus

41 3745 204 3836 nostris,
227 3741 382 3818 maxime
401 3742 510 3815 nobis
527 3742 726 3828 convenit,
751 3759 834 3814 enm
853 3759 971 3836 neque
985 3747 1103 3822 nimio

42 3847 191 3933 calore,
216 3853 334 3934 neque
352 3839 488 3938 frigore
511 3851 599 3914 tunc
624 3837 837 3927 efficiamur3
862 3840 1103 3921 descendente

43 3949 167 4020 eutem
187 3937 282 4018 inita
303 3937 401 4036 grad.
425 3959 480 4032 ις.
503 3939 648 4032 delore,
673 3935 787 4034 frigus
812 3937 907 4036 opud
929 3961 999 4018 nos
1024 3955 1103 4114 {ent

506 4093 521 4130 ο
1040 4063 1100 4120 uro
