2606 4762
198 228 401 310 semum
427 208 819 330 'satombunum
902 326 906 334 ,
945 261 1036 336 ·271

18 441 56 495 ra
72 413 258 491 feserunt.
309 404 478 488 Calculus
499 413 699 508 urinarios,
724 415 846 512 quiete
868 417 1038 514 'corporis

18 543 23 590 ;
42 513 246 604 debilitate,
279 512 317 586 in
337 513 485 586 renibus
512 511 786 608 generatum&
808 515 894 593 hinc
919 518 1038 596 oritur

18 611 180 708 tephritis
235 611 323 715 Quo
344 611 441 683 malo
462 631 568 684 renes
586 611 684 686 intus
702 613 977 707 exulcerantur,
1002 617 1037 692 dt

18 708 119 786 mad
142 707 342 782 scatebram
364 705 606 802 disrumpitur.
656 707 738 783 Rex
759 709 908 785 Salomo
926 735 945 786 a
964 713 1035 789 sca·
1084 771 1100 802 ,
1152 753 1158 768 .

18 809 86 882 bris
110 803 382 896 Orientalium,
407 805 600 898 equibus,
623 827 716 902 aqua
738 809 900 884 rotarum
923 812 1034 886 admi·
1137 877 1143 900 ,
1254 803 1256 816 ’

20 907 98 980 culo
123 903 321 994 exhausta,
355 903 393 976 in
418 901 583 996 hydriam
612 905 836 998 infunditur,
865 907 1035 986 eximiam

18 1003 79 1076 mit
100 1001 325 1096 parabolam.
373 997 432 1074 Ut
450 1001 548 1076 enirn
569 1015 654 1090 rota
672 1002 901 1098 disrumpitur
919 1009 953 1082 δι
969 1009 1034 1103 hy·

18 1101 53 1174 ia
67 1097 111 1171 ad
132 1097 333 1172 scatebram
354 1097 555 1195 frangitur,
577 1099 625 1174 sic
648 1101 758 1176 etiam
777 1123 884 1177 renes
906 1107 944 1179 in
968 1106 1033 1180 ho·

18 1199 73 1270 ine
106 1194 307 1287 labefasli,
344 1211 647 1292 corrumpuntur,
664 1197 711 1272 ‘dr
733 1201 852 1284 vesica
875 1204 1034 1280 urinaria

18 1295 113 1372 :inam
137 1293 336 1370 continere
359 1311 442 1370 non
462 1293 577 1369 valet.
897 1307 912 1330 ·

367 1485 515 1572 Vens.
547 1487 636 1565 Vll.

129 1645 189 1718 25.
213 1623 317 1701 'Nam
342 1622 654 1702 redeat'PULVIS
679 1625 722 1701 orl
743 1641 874 1702 terram
935 1615 936 1620 Ν

70 1763 266 1860 Eleganter
288 1763 332 1838 de
356 1761 426 1836 bac
449 1783 490 1836 re
503 1762 689 1856 Vellejusr
723 1765 848 1855 Omne,
872 1769 955 1862 quod
978 1791 1032 1844 or.
1113 1782 1117 1790 ·

18 1885 49 1936 rr
68 1863 131 1956 est,
151 1865 336 1938 narratore
364 1860 574 1958 comperitur.
625 1859 685 1934 Sic
710 1863 860 1956 omn'es,
883 1869 1032 1942 mortali

18 1960 124 2036 radam
156 1957 376 2036 conditione
431 1972 626 2032 enerantur
656 1959 868 2036 homines.
897 1961 1031 2040 Velutl

18 2079 121 2132 omum
136 2059 175 2134 in
193 2058 325 2130 arbore
339 1979 479 2147 crelgcit,
505 2055 913 2149 tandemquentaturum
932 2059 1030 2134 deci·
1107 2113 1120 2122 ‚

18 2155 53 2244 ἠς
78 2156 208 2232 eodem
225 2153 337 2228 modo
356 2167 571 2249 generatur,
599 2153 749 2247 crescit,
762 2153 1030 2232 ‘maturescitdc

18 2251 75 2329 'rem
97 2255 243 2330 tandem
270 2249 470 2347 supremum
500 2251 583 2324 obit
608 2253 733 2324 bomo.
782 2250 923 2330 Omnes
947 2276 1028 2329 cor-

18 2352 75 2423 on's
96 2349 196 2426 fibrae
214 2349 336 2425 senfim
353 2349 613 2456 phrigescunt,
639 2343 868 2444 cartilagines
891 2351 930 2426 in
949 2351 1030 2438 ¹oll‘a
1182 2377 1188 2389 ·

18 2463 244 2542 ermutantur,
270 2468 344 2542 quo
363 2459 461 2523 artus
477 2446 677 2524 redduntur
699 2447 1031 2544 rigidi,.glandulae

18 2546 202 2621 tardantur
226 2543 409 2620 exsiccata
429 2543 465 2617 dt
487 2543 750 2636 obdurescunt,
779 2545 877 2620 unde
900 2547 1029 2628 humo·

18 2663 58 2731 rs,
80 2658 301 2738 permeatus
326 2639 553 2734 arstissimos,
577 2641 842 2718 dilutionem&
857 2641 1028 2720 secretio·

18 2759 60 2828 tm
76 2743 330 2834 prohibentes,
354 2739 494 2831 coacti,
521 2739 681 2815 acriores
700 2737 873 2830 evadunt
908 2743 1027 2820 Mem·

18 2857 93 2910 rana
113 2839 257 2916 cerebii
276 2837 312 2912 ἃ
329 2837 493 2912 meduuae
511 2833 657 2932 spinalis
679 2833 921 2914 durescunt&
937 2862 1027 2918 con·

18 2933 172 3030 aluntur,
195 2936 292 3012 unde
304 2935 541 3010 debilitantur
558 2935 684 3009 nervis
709 2935 883 3032 ideoque,
900 2939 1027 3016 eade'rn

18 3043 106 3105 rturae
127 3036 228 3133 lege,
255 3053 325 3128 qua
350 3031 499 3122 cunlla,
525 3053 604 3125 que
631 3032 670 3105 in
695 3032 758 3108 his
776 3033 1027 3112 sublunariblrs

18 3125 140 3206 bielliis
169 3153 290 3208 moras
319 3129 491 3221 nestunt,
521 3129 564 3203 ad
592 3129 785 3208 interitum
802 3146 962 3228 vergunt
991 3133 1027 3206 u
1140 3171 1144 3180 ·

18 3222 247 3307 astructionem
260 3239 493 3401 ¹properant,
524 3225 650 3300 eadem
682 3228 792 3304 etiam
823 3228 937 3302 homo
964 3230 1025 3304 de-

18 3337 143 3419 matur,
168 3323 260 3404 ne'ce
286 3350 308 3399 e
334 3323 397 3400 est.
447 3324 613 3399 Vinculo
644 3325 772 3400 animae
798 3325 833 3402 de
856 3328 1025 3421 corporis
1165 3370 1168 3378 κ

18 3419 111 3514 luto,
139 3425 177 3502 in
202 3426 319 3521 prima
344 3420 538 3498 resolvitur
562 3421 768 3518 principia,
794 3423 1026 3518 putrescit&
1147 3435 1151 3443 ’

18 3521 215 3686 rpulverem
240 3535 345 3598 terrm
370 3519 470 3633 redit
487 3539 633 3632 corpus.
670 3517 778 3632 ‘Cum
803 3521 921 3616 Julius
948 3521 1025 3598 Car-

18 3615 1026 3812 :rtrrlsuurlrrtrmlltrrrrare:

18 3803 107 3884 llsrmo
137 3817 251 3914 digito
283 3813 369 3890 naso
403 3813 480 3908 ejus
510 3810 683 3904 admoto,
715 3825 898 3908 tamquam
931 3815 1024 3888 cinis
1149 3813 1157 3836 ⁸

18 3903 141 4002 >lapsus
158 3912 221 3992 cll.
271 3912 417 4005 Omne,
441 3923 572 4062 prater
590 3908 880 4020 invisibileillud
897 3913 1024 4008 prima

312 4055 313 4062 κ
912 4029 1020 4106 gene·
