2604 4786
179 265 380 346 sororum
412 237 811 346 saluomonnum?
949 275 1019 366 265

4 471 47 525 rm
66 447 220 524 morbosus
242 448 404 524 homimis
431 447 542 524 status
565 447 618 522 lit.
668 443 767 520 Nam
792 445 879 520 clari
904 447 1019 524 &ve-

4 553 72 646 geti
91 541 167 620 oculi
193 545 441 622 valetudinem
479 545 644 622 indicant
676 541 1022 642 optimam;·opacl

4 667 83 718 vcro
103 646 204 720 morbi
233 644 316 720 suot
344 646 441 744 ligna
470 643 669 718 certiffima.
720 641 748 714 F
750 643 877 735 ebrer,
906 643 1022 719 Caco·
1084 692 1092 710 ·

6 744 142 834 clymla,
163 742 521 840 Leucopblogmatio,
544 741 703 829 liberum,
728 740 917 836 Hydrops,
945 747 1024 838 plu·

4 843 125 932 rimlquc
142 841 257 914 morbi
284 865 330 916 ex
354 841 472 916 oculis
494 840 635 936 optime
660 837 930 934 dignoscuntur.
981 841 1023 916 lm

4 939 131 1012 lebrlbur
158 939 380 1036 phlogisticio
406 939 439 1014 or
466 937 653 1028 affinibus,
690 935 789 1010 oculi
819 939 900 1030 pluo
926 937 1023 1032 justo

4 1037 170 1110 ubelcunt.
206 1035 248 1112 lu
265 1037 404 1112 criticis
420 1035 566 1128 pallida,
593 1035 702 1122 flava,
721 1033 911 1130 albuginem
924 1037 1025 1112 ocull

4 1135 171 1208 obiciuntur
185 1136 337 1208 macula.
387 1133 506 1210 latero
528 1155 611 1208 curm
632 1133 713 1228 quis
732 1131 897 1228 laborat,
923 1135 1024 1210 oculi

2 1233 97 1320 orimo
113 1233 241 1326 impetu
266 1233 366 1306 ilavo
385 1231 598 1308 inficiuntur
609 1231 742 1306 colore
759 1229 827 1304 dcc.

80 1367 208 1441 Oculos
236 1365 346 1442 instar
369 1356 604 1444 femellrarum
629 1363 720 1456 elie,
745 1367 812 1460 ρετ·
838 1387 925 1460 quas
950 1363 1026 1444 sen·

2 1463 48 1537 lus
65 1466 199 1556 interni,
226 1465 349 1540 radios
373 1467 465 1540 lucis
491 1463 559 1539 suae
585 1465 776 1554 emittunt,
805 1485 850 1538 ex
873 1463 939 1554 iis,
964 1467 1026 1560 qui

4 1561 104 1636 dolore
122 1563 347 1658 anguntur&
369 1563 537 1650 tristitia,
565 1585 609 1638 ex
633 1563 686 1637 ira
708 1561 877 1656 percitis,
902 1585 1026 1638 amoro

4 1661 200 1752 ardentibus,
225 1661 329 1735 hilari
354 1661 552 1757 &placido
575 1661 735 1756 praeditis
761 1659 905 1752 animo,
931 1684 955 1734 o
983 1663 1027 1736 ti·

2 1781 45 1830 ne
67 1759 309 1855 comperimus.
359 1757 554 1856 Eleganter
580 1759 618 1834 in
638 1759 745 1852 hujus
762 1757 815 1832 rei
835 1685 1031 1836 vericagem

2 1857 79 1930 :anit
95 1858 225 1932 Poeta:
837 1935 851 1966 ‚

52 1975 122 2048 Heu
143 1998 237 2072 quom
259 1969 451 2069 difficiloest
477 1979 679 2050 arimenum
700 1973 832 2066 prodere
854 1977 962 2048 uultu.

2 2089 76 2166 neus
89 2093 280 2182 facinoris,
306 2092 436 2166 oculos
453 2091 491 2166 in
508 2105 640 2166 terram
654 2089 867 2184 plerumque
889 2091 1029 2185 dejicit,

2 2191 175 2264 nelacinus
197 2193 275 2284 ejus
292 2211 337 2264 ex
351 2189 469 2262 oculis
492 2189 645 2284 legatur,
694 2187 779 2262 Hoc
803 2187 909 2260 ctiam
936 2189 1031 2282 apud

6 2285 87 2373 leros,
123 2289 264 2382 aliaque
293 2286 482 2379 animalia,
518 2306 626 2380 quarn
659 2281 838 2378 saepisnme
871 2286 1030 2381 experiri

2 2384 174 2474 pullanum
200 2385 373 2480 quoniam
399 2407 445 2458 ex
470 2384 610 2474 oculis,
642 2381 848 2458 accrescens
878 2383 952 2475 ira,
977 2385 1030 2458 lu·

2 2483 205 2558 colentillimc
238 2483 400 2558 hauritur
424 2481 459 2556 dc
479 2479 709 2570 decrescens,
726 2543 729 2552 .
748 2494 790 2558 ut
814 2481 897 2555 inde
923 2481 1031 2556 focile

1 2583 227 2670 conciudatur,
253 2603 297 2652 am
323 2579 440 2654 aditus
463 2579 607 2654 illorum
630 2579 771 2652 securus
796 2579 851 2668 sot,
875 2594 945 2655 uec
969 2603 1030 2655 nc.
1080 2659 1083 2671 ,

1 2675 150 2754 Omnium
186 2676 403 2760 testimonio
440 2677 772 2766 Amatomicorum,
817 2677 1033 2758 subtilissirna

1 2777 144 2868 eorporis
157 2799 253 2871 pars,
277 2773 482 2850 &maxime
501 2773 671 2850 senbbilis
688 2775 816 2847 oculus
834 2773 906 2864 est3
931 2775 1032 2849 ideo·

1 2894 55 2962 quc
69 2897 133 2948 nec
148 2874 294 2964 mirum,
318 2871 417 2968 quod
431 2885 537 2946 aetate
557 2872 781 2962 debilitetur,
800 2871 832 2946 oc
849 2871 1033 2950 clariffimo
1114 2878 1119 2905 ⁸

1 2971 59 3060 ejus
80 2996 181 3066 pars,
207 2975 337 3046 humor
362 2986 450 3065 puta
477 2971 725 3064 crystallinus,
752 2969 920 3046 reddatur
946 2993 1033 3065 opa-

1 3087 54 3140 cus.
98 3069 292 3143 Cataraiia
317 3071 465 3142 morbus
496 3067 637 3141 senibus
659 3067 709 3144 cst
733 3066 1033 3162 familiariffimus,

1 3163 24 3236 in
43 3191 109 3258 quo
137 3171 219 3241 lens
249 3165 454 3260 crystallina
479 3187 595 3259 opaca
622 3163 758 3239 evadit.
812 3163 1034 3260 murmurum,

1 3267 71 3354 apud
91 3269 198 3340 aetate
215 3265 371 3338 maxime
393 3263 590 3360 provetios
609 3283 677 3336 nec
695 3261 914 3356 infrequens.
957 3265 1033 3368 Qui

1 3365 168 3437 oculorum
193 3363 294 3436 arsura
320 3361 427 3435 nimio
457 3363 644 3451 fruuntur,
676 3359 774 3434 visus
800 3357 1034 3454 obscuritate,

1 3461 43 3530 rel
71 3459 317 3554 Amblyopio,
353 3458 387 3532 se
417 3459 559 3532 tandem
592 3471 763 3554 gravator
796 3455 1034 3554 persentiunt,

1 3553 66 3630 nin
88 3559 418 3652 quinquagcimum
438 3559 497 3628 vel
519 3555 768 3650 sexageslmum
795 3575 928 3630 annum
951 3574 1034 3652 pro-

1 3655 91 3743 celli,
117 3655 352 3751 perspicius,
378 3669 510 3750 utpote
535 3655 684 3748 optimis
708 3651 958 3745 adminiculis,
980 3653 1050 3753 uti,

1 3747 155 3844 iepilime
177 3769 370 3849 coguntur.
421 3751 475 3826 Ut
495 3764 655 3840 taccam,
684 3749 783 3824 sones
800 3749 941 3844 objcbta
956 3753 1034 3827 lom·

1 3848 58 3942 gius
74 3865 233 3942 remotam
255 3871 359 3944 quam
376 3850 565 3947 propiora,
591 3871 741 3924 cernere
753 3847 882 3926 melius
897 3845 1008 3946 polle.

493 4044 525 4117 ll
554 4065 575 4136 ς
911 4043 1032 4118 Vens.
