2700 4780
315 220 421 306 nnn
458 173 788 308 naamanin.
1009 225 1080 332 'ur

9 407 179 482 'aliorum
206 407 346 486 incolas
367 411 557 500 iocorum,
581 407 745 502 periisse,
759 403 839 482 'nos
864 409 997 484 edocet
1012 417 1086 487 'exi

9 501 220 602 perieritia.
270 507 404 582 fumus
429 529 448 581 a
467 511 618 605 plumbo,
645 507 684 582 in
705 505 860 582 officinis
880 507 1086 584 Germaniae
1139 586 1150 612 ·

11 605 216 699 argenteis·
228 607 441 680 calcitrando
455 603 659 702 exsurgens,
684 604 1087 682 ColicamSaturninam

17 700 103 798 (vei
127 701 260 778 Germ.
284 698 513 794 Hiittenkaze)
538 702 631 798 apud
659 700 914 798 metaliurgos,
941 727 1021 780 eum
1040 727 1087 780 ex

18 799 232 892 improviso
256 801 499 891 attrahentes,
526 801 695 896 expedit,
729 799 790 894 qui
815 803 965 876 morbos
993 803 1086 878 tanti

13 895 68 970 est
87 895 335 990 discriminis,
361 915 402 972 ut
419 911 577 996 egrotos
600 899 722 988 humi,
748 911 917 992 tanquam
941 901 1087 976 lumbri·

13 995 109 1084 cos,
147 994 293 1092 serpere
320 1011 439 1092 cogat
491 996 566 1096 Qui
590 995 850 1070 Amsteiodami
878 997 915 1071 in
944 992 1088 1094 Cerufflr,

13 1113 38 1164 e
63 1093 226 1186 plumbo
251 1094 506 1190 praeparanda,
540 1093 789 1188 occupantur,
815 1115 955 1188 vapore
982 1111 1088 1172 aceto

14 1189 162 1264 saturni
186 1193 330 1282 emisso,
357 1192 483 1288 paucis
500 1191 626 1280 annis,
652 1189 913 1265 contrasiuram
932 1196 1089 1286 partium

14 1287 322 1394 consequunturj
348 1289 473 1364 eadem
495 1289 573 1363 sere
601 1289 645 1361 dc
674 1288 777 1362 causa
793 1287 971 1384 figulorum
999 1315 1088 1368 con-

15 1386 221 1462 tracturam
242 1409 432 1479 manuum,
460 1387 705 1461 calcinatione
725 1385 860 1480 plumbi
882 1387 1087 1484 oriundam,

18 1483 236 1559 observavi.
288 1489 473 1586 Quantum
496 1483 626 1558 sanitas
652 1483 916 1558 aurifabrorum
944 1503 1088 1562 aurato·-

21 1603 184 1678 rumque
213 1581 520 1754 atqupdoiiorum
544 1581 736 1678 Ungaria,
771 1581 907 1676 fumum
931 1585 1089 1680 Hydros·

18 1687 99 1772 gyri
124 1681 296 1756 attrahen
356 1734 368 1770 ‚
394 1679 513 1756 damni
538 1681 678 1774 capiat,
712 1695 955 1774 quantumque
983 1685 1090 1760 exha-

20 1779 192 1854 lationes
216 1779 403 1854 Antimrnir'
424 1775 577 1874 opifices
599 1775 790 1871 infestent,
817 1776 947 1874 scripta
972 1781 1090 1857 Medi·

24 1897 161 1953 corum
184 1875 370 1952 testantur.

128 2077 193 2149 Sal
215 2074 331 2170 nullas
355 2072 522 2148 emittere
554 2070 803 2146 exhalationes
828 2071 972 2176 plurimi
1004 2097 1091 2152 eon·

25 2171 211 2260 tendunt,
237 2171 382 2244 interim
404 2185 524 2248 tamen
541 2170 730 2258 homines,
755 2169 792 2242 in
812 2167 967 2244 officinis
991 2174 1092 2248 iabo-

28 2285 157 2344 rantes
177 2267 616 2361 Safinis,‘Scorbuticos,
638 2287 779 2360 vapore
802 2265 900 2344 iilius
922 2269 1114 2376 attracio,-

30 2369 193 2442 evadere
220 2366 488 2442 convincimur.

133 2557 207 2651 25,
220 2560 334 2634 Dolia
353 2557 468 2634 VINI
493 2567 613 2634 aerem
631 2555 801 2634 infestum
818 2507 1010 2633 continebo
1030 2565 1092 2638 vel

35 2658 121 2734 inde
156 2659 319 2750 constat,
357 2657 456 2751 quod
488 2659 634 2747 eadem,
670 2657 845 2753 purgandi
878 2655 1001 2750 causa,
1039 2659 1094 2734 in·

38 2761 250 2930 {peffluntem
276 2756 355 2832 sato
385 2771 646 2837 momentaneo
669 2755 849 2854 saepiiiime
872 2754 1009 2832 suerint
1032 2755 1093 2832 de·

130 3053 303 3144 Vapores
323 3056 397 3126 uini
414 3049 452 3124 in
473 3047 574 3124 celiis
595 3047 853 3151 fervescentis,
877 3049 976 3124 aditu
1001 3055 1095 3129 airis

35 3148 258 3238 interditto,
294 3148 386 3222 adeo
417 3146 627 3243 perniciosa·
664 3149 825 3221 evadunt
857 3147 1017 3240 indolis,
1056 3169 1096 3226 ut

34 3247 122 3322 naso
149 3245 275 3320 iisdem
293 3243 545 3320 tantummodo
565 3245 737 3336 admoto,
760 3243 945 3320 hominem
961 3248 997 3321 in
1018 3248 1094 3323 fau·

36 3365 95 3419 ces
119 3345 251 3418 mortis
281 3345 507 3438 precipitare
531 3343 689 3415 valeant.
753 3343 875 3417 Panem
903 3367 1096 3440 quoquee
1212 3383 1219 3400 ·

35 3445 185 3518 cliban'o
209 3441 470 3532 calidiffimum,
507 3441 544 3514 in
570 3441 662 3513 cella
693 3439 833 3534 optime
856 3441 1025 3532 occlusa,
1054 3459 1097 3518 ut

32 3543 290 3635 refrigeretur,
317 3539 491 3633 positum,
517 3557 676 3631 vapores
702 3541 821 3610 ae'retn
846 3539 1003 3613 maxime
1027 3563 1094 3616 no·

33 3639 136 3711 nium
162 3633 629 3726 efficientes‚·emiss'urum,
655 3632 854 3708 confitetur
874 3633 1094 3726 Boerhaave3

34 3735 67 3807 tr
95 3736 167 3809 Fun
190 3759 262 3818 um,
289 3735 391 3826 cujus
411 3733 527 3806 odore
550 3731 804 3808 tantummodo
828 3732 1005 3825 attracto,
1029 3735 1095 3810 ho·

33 3833 125 3906 mini
152 3757 317 3904 uicinum
342 3852 470 3925 parare
494 3829 609 3905 fatum
630 3830 693 3904 frbi
716 3829 906 3926 cognitum
933 3831 1093 3909 affirmat.

34 3931 157 4022 Eiet,
187 3941 351 4026 tempore
368 3928 524 4026 quodam
534 3925 776 4102 ,thspitibus
800 3927 1001 4026 destitutio,
1026 3953 1096 4006 nec

45 4069 52 4086 ·
633 4045 655 4118 5
1014 4041 1093 4108 iton
