2714 4768
246 223 292 285 ιο
472 265 500 311 Ι,
561 202 727 280 monor
759 201 988 290 ccassrcr.

336 377 397 456 Ex
419 381 568 458 humido
602 383 711 458 nimis
748 399 925 480 corrupto
959 383 1166 480 frigideque
1202 388 1300 478 aire,

241 479 326 554 dum
358 501 516 572 corpore
541 481 727 573 hauritur,
764 480 1126 578 transspirationique
1158 481 1302 560 obicem

239 577 350 674 ponit
372 577 585 669 insensibili,
611 579 907 674 perspirabilique
929 583 1046 656 hocce
1065 594 1213 654 retento
1236 581 1299 654 hu-

239 674 412 848 qussqqff
445 677 620 769 attracto,
659 699 738 752 eam
764 679 947 774 precipue
974 677 1168 774 progigni,
1201 699 1297 758 ¹vero

242 794 263 847 e
331 796 391 848 mu
410 796 440 846 e.

336 870 368 945 E
386 871 522 945 statieis
541 873 639 947 enim
658 873 868 966 edocemur,
892 895 1026 967 corpus
1043 871 1219 966 continue
1237 896 1298 964 no,

237 967 347 1046 strum
368 970 560 1044 insensibili
582 971 694 1046 modo
718 972 917 1067 perspirare
941 971 1095 1057 debere,
1119 971 1299 1044 srvalctu·

237 1067 287 1140 do
312 1065 382 1140 erit
406 1068 562 1160 tuenda,
588 1069 879 1164 protrabtamque
902 1067 1174 1164 perspirationis
1195 1069 1300 1163 hujus

238 1163 539 1262 suppressionem,
565 1167 722 1257 maxima
743 1191 790 1243 ex
815 1179 940 1264 parte,
969 1189 1011 1240 ea
1032 1167 1192 1242 excitare
1212 1167 1300 1262 sym·

172 1339 174 1344 ,
236 1276 424 1362 ptomata,
468 1287 546 1358 quae
584 1265 670 1338 huic
698 1263 793 1339 febri
828 1265 908 1340 sunt
937 1264 1098 1360 propria.
1166 1261 1302 1363 Neque

238 1363 349 1437 etiam
375 1362 542 1458 ignorare
567 1385 780 1456 quemquam
800 1362 1001 1455 credimus,
1027 1375 1193 1456 tempore
1210 1360 1299 1437 aesti-

235 1483 312 1552 vo,
343 1459 425 1554 post
450 1460 655 1553 copiosiora
676 1459 984 1556 transspirationis
1007 1458 1176 1534 sensibilis
1197 1457 1300 1536 effluss

234 1559 313 1650 via,
337 1579 470 1652 corpus
495 1559 621 1654 magis,
649 1581 756 1654 quam
771 1561 873 1651 alias,
892 1556 1056 1631 bibulum
1073 1555 1164 1654 effe3¹
1190 1558 1299 1632 hanc.

236 1678 309 1750 que
334 1655 586 1730 attraiiiouem
614 1656 747 1731 madidi
778 1653 981 1752 imparique
1013 1656 1107 1728 airis
1130 1655 1299 1746 morbum

234 1753 333 1829 hunc
358 1752 524 1844 equidem
550 1751 691 1830 efficere
717 1753 886 1828 arbitror.
939 1753 1038 1828 Hinc
1062 1753 1157 1826 ratio
1180 1763 1299 1847 patet,

236 1871 302 1926 cur
327 1849 379 1924 illi
410 1864 541 1944 praeter
573 1863 717 1926 ceteros
751 1852 868 1926 eidem
892 1851 1210 1945 deprehenduntur
1235 1852 1300 1923 ob·

234 1948 365 2037 noxii,
396 1947 456 2041 qui
485 1949 522 2022 iu
555 1955 637 2022 aire
664 1950 961 2044 lrujusmodiqdiu
989 1943 1187 2042 saepiusque¹
1219 1947 1301 2033 sunt

233 2045 379 2120 versati.
431 2043 556 2122 Cauffa
578 2062 698 2122 autem
716 2047 986 2142 praedisponens
1006 2047 1043 2119 in
1063 2067 1221 2142 corpore
1246 2045 1299 2120 bi-

233 2145 323 2226 bulo
350 2143 421 2217 erit
450 2143 663 2238 quaerenda,
696 2147 769 2219 sive
798 2150 974 2219 amorbo
1006 2144 1178 2236 quopiam
1209 2165 1300 2238 prae·

233 2243 369 2341 greffo,
393 2242 560 2335 perversa
591 2243 719 2337 diaeta,
746 2244 921 2338 peculiari
955 2243 1102 2332 habitu,
1129 2242 1302 2334 ‚sive-alia

233 2333 372 2431 cauffo,
394 2339 431 2411 id
455 2341 506 2413 ita
522 2341 564 2414 sit
586 2339 834 2415 constitutum.
887 2341 1006 2432 HuJus
1024 2339 1079 2413 rei
1096 2337 1180 2418 satis
1194 2341 1300 2414 lucu·

232 2440 333 2514 lenta
360 2437 449 2510 mihi
475 2438 727 2532 praebebantur
766 2439 930 2532 exempla
968 2437 1006 2512 in
1038 2435 1196 2530 nautis,
1218 2438 1300 2530 qui,

232 2535 357 2612 cauffis
388 2534 484 2610 hisce
520 2534 880 2629 praedisponentibus
905 2535 1161 2631 presentibus,
1199 2534 1300 2628 post·

233 2655 341 2728 quam
369 2633 545 2726 majorem
575 2633 692 2708 nubtis
730 2639 891 2728 partem,
931 2633 1096 2707 excubiis
1134 2631 1300 2708 consum⁶

230 2730 370 2821 salient,
400 2729 507 2824 idque
527 2732 564 2806 in
586 2731 760 2822 humido,
786 2732 936 2830 frigido,
962 2729 1180 2824 impuroque
1198 2736 1300 2846 abre,

231 2828 376 2922 illisque
400 2827 573 2923 perrois,
598 2851 710 2920 mox,
734 2829 794 2902 sub
816 2821 1064 2922 umbraculum
1078 2828 1299 2935 navim-pbr

230 2931 295 3006 air
319 2929 430 3022 longe
460 2941 537 3000 erat
561 2928 794 3022 corruptior,
825 2927 864 3000 in
883 2925 975 3014 ,odis
1008 2923 1192 3018 vestibus,
1218 2948 1299 3017 per·

229 3023 419 3110 sociatum
450 3023 617 3116 iviffent,
653 3023 801 3120 postero
835 3026 1048 3120 plerumque
1077 3019 1162 3114 die,
1191 3023 1300 3096 febre

228 3125 342 3204 isthac
369 3123 675 3217 corripiebantur.
846 3149 848 3156 ⁴
1290 3153 1297 3168 ¹

243 3283 249 3298 .
327 3221 388 3298 Ad
420 3221 749 3319 praediiponentem
785 3218 936 3293 caussam
975 3218 1083 3292 etiam
1120 3216 1298 3313 pertinet,

228 3325 328 3424 quod
353 3336 494 3414 naute,
523 3320 549 3391 ii
574 3318 792 3416 presertim,
822 3316 905 3414 (qui
935 3309 1298 3413 Rota-irrisorium*

230 3411 414 3517 canum)
452 3419 597 3494 unicam
632 3417 744 3492 solum
779 3417 962 3507 tunicam,
1000 3414 1088 3510 quin
1123 3414 1235 3508 immo
1272 3413 1299 3490 ss

226 3521 422 3617 plerosque
452 3515 646 3612 respicias,
671 3537 804 3606 unum,
831 3517 899 3600 vei,
919 3514 1016 3598 forto
1046 3511 1133 3586 bina
1158 3509 1300 3594 indufia

226 3615 449 3716 poffideant,
475 3616 604 3716 quibus
626 3612 744 3686 amiiii
758 3612 792 3686 o
808 3613 981 3686 excubias
999 3622 1161 3704 agentes,
1190 3629 1297 3700 quas·

225 3716 285 3788 vis
305 3713 398 3786 airis
417 3713 565 3806 injurias
592 3709 786 3800 sustinent,
814 3709 1147 3822 transspirationem
1169 3728 1190 3778 a
1214 3703 1299 3799 sup·

225 3809 425 3911 pretiione,
455 3809 560 3904 seque
584 3830 605 3881 a
626 3808 762 3906 frigore
785 3806 973 3880 &humidi
996 3803 1213 3878 attractione
1233 3802 1296 3876 de·

224 3909 375 3990 feudere
400 3929 478 3989 uon
499 3905 672 4006 postiam,
704 3901 996 4006 &postmodum
1021 3923 1140 4000 prope
1170 3898 1299 4080 mffteii
