2768 4768
321 231 468 315 Purus
497 229 837 310 DIAETETICUS.‘
1055 237 1107 328 65

53 437 160 504 nem,
181 411 368 486 efornace
393 433 508 507 nuper
532 410 719 501 eduftum,
744 411 850 485 indo
920 461 934 502 ‚
959 408 1103 505 quaha·

54 510 438 600 bitaut&dormiunt‚
463 531 641 604 reponere
661 508 801 582 rusticis
877 507 982 581 lest.
1015 510 1102 584 Hoc

62 632 142 683 vero
166 615 287 680 adrem
309 607 428 696 reddit
450 605 590 680 sanitati
610 607 765 680 maxime
783 607 981 680 inimicum.
1030 607 1101 682 Vis

60 705 197 780 filubris
221 705 367 797 quidem
392 706 430 779 in
454 704 487 778 fe
504 703 555 778 est
568 705 692 798 panis,
722 703 936 798 &spiritum
958 703 1103 778 exhalet

52 803 206 876 maxime
230 801 476 892 reficientem,
511 805 596 895 qui,
623 799 684 875 sub
712 801 994 875 fermentatione
1019 823 1103 896 pro·
1138 835 1139 844 κ

50 899 195 990 dolius,
220 923 286 993 per
309 900 514 976 coitionem
541 901 686 987 evolat3
715 899 811 972 unde
839 899 945 974 senex
964 893 1119 988 Demo,

49 1001 159 1070 critus
178 988 219 1090 ᾗ)
244 997 305 1070 ubi
327 1000 421 1070 ultra
441 999 671 1080 centesimum
695 1007 858 1088 annum,'
873 1008 915 1070 ut
933 997 1104 1076 nonnulli

49 1095 228 1186 afferunt,
255 1093 420 1185 vixiifet,
446 1095 518 1188 jrm
532 1096 604 1188 jam
622 1094 733 1168 morti
754 1095 920 1185 vicinus,
947 1115 1027 1168 cum
1047 1091 1104 1168 so·

48 1215 109 1266 ror
138 1192 237 1266 illius
267 1207 508 1286 praeoptaret,
546 1207 588 1266 ut
610 1212 675 1286 per
703 1191 845 1284 aliquot
876 1191 998 1264 saltem
1026 1191 1105 1265 dies

48 1291 162 1363 vitam
189 1289 367 1379 traheret,
396 1289 514 1364 donec
537 1289 614 1364 fuas
639 1288 921 1364 concelebralfet
933 1290 1104 1384 nuptias,

48 1409 113 1480 per
132 1387 219 1460 illos
240 1388 317 1459 dies
338 1386 533 1460 identidem
553 1387 616 1460 nbi
639 1387 767 1459 adferri
790 1385 885 1480 juffrt
899 1409 1030 1482 panem
1046 1409 1105 1461 ca·

52 1485 183 1576 lidum,
213 1487 307 1558 vino
333 1483 549 1578 adspersum,
575 1505 648 1577 quo
666 1484 812 1557 naribus
831 1485 979 1558 admoto
1004 1483 1105 1558 vires

49 1583 178 1656 vitales
208 1584 407 1676 paullulum
438 1582 578 1655 refecit.
646 1579 715 1654 Sed
748 1581 810 1654 ubi
840 1580 936 1674 justo
966 1576 1106 1666 ›foltior

49 1681 171 1753 evadit
202 1681 262 1754 hic
296 1680 412 1772 odor,
448 1702 525 1756 non
556 1677 698 1753 sanitati
733 1691 893 1769 tantum,
929 1677 989 1752 fed
1017 1681 1116 1752 vitae·

50 1779 158 1860 etiam
188 1779 323 1850 noxius
348 1777 409 1849 est.
461 1777 596 1850 Narrat
623 1775 833 1850 Barlaamus
860 1797 988 1870 panem
1017 1777 1115 1850 cali-³

50 1876 154 1965 dum,
181 1897 247 1968 per
275 1873 417 1954 nollem
447 1873 483 1952 in
510 1893 653 1948 camera
679 1873 882 1968 angusta&
911 1873 1105 1948 admodum

51 1972 165 2046 clausa
176 1973 355 2066 positum,
380 1971 548 2062 effecisse,
573 1983 614 2043 ut
625 1993 765 2061 omnes,
787 1994 893 2046 mane
910 1972 1103 2065 intrantes,

50 2070 180 2143 eodem
203 2083 413 2160 momento,
439 2071 543 2142 velut
561 2091 605 2141 ex
624 2076 705 2142 aere
724 2070 880 2144 maxime
899 2081 1101 2160 venenato,

50 2169 224 2262 perirent.
273 2167 371 2241 Nam
395 2179 437 2240 ut
462 2167 659 2261 paulullum
683 2165 763 2238 vini
788 2165 934 2239 naribus
964 2165 1104 2240 admoti

19 2305 23 2316 ·
53 2267 193 2338 excitat
224 2258 415 2353 homines3
455 2263 568 2336 animi
598 2262 758 2362 deliquio
791 2259 996 2356 collapsos,
1040 2263 1104 2356 qui

50 2375 169 2435 autem
193 2364 320 2436 cellam
343 2362 455 2435 intrat
481 2360 651 2451 clausam,
678 2359 740 2432 ubi
761 2360 887 2434 vinum
907 2359 1102 2434 fermenta-

44 2474 127 2550 tur,
155 2475 221 2533 aut
250 2460 387 2532 dolium
413 2458 614 2550 vinarium,
640 2457 757 2530 statim
781 2457 862 2556 post
890 2459 1102 2530 evacuatio-

46 2579 152 2648 nem,
177 2557 295 2632 subita
310 2569 429 2645 morte
453 2555 667 2643 absumitur3
695 2557 772 2648 itu,³
789 2577 965 2648 vaporem
990 2555 1115 2629 etiam·

43 2677 90 2727 ex
110 2679 210 2750 pune
227 2656 253 2728 sr
269 2653 553 2744 consideramus,
578 2651 614 2726 se
628 2674 686 2725 res
705 2653 824 2726 habet.
848 2649 862 2662 ’”
876 2653 980 2727 Panis
994 2655 1116 2727 mollis·
1241 2655 1244 2662 ’

43 2775 63 2824 a
90 2753 315 2826 cultioribus
342 2751 584 2844 &opulentis
615 2747 769 2825 maxime
788 2750 1011 2846 usurpatur,
1041 2750 1101 2824 fed
1162 2825 1174 2852 ,

41 2851 170 2924 dentes
187 2871 239 2923 ac
255 2849 437 2944 gingivam
451 2847 630 2938 debilitat,
652 2869 734 2920 cum
752 2847 930 2921 minorem
942 2848 1103 2922 habeant

42 2949 77 3024 in
102 2951 179 3022 hoc
208 2946 462 3022 manducando
485 2959 637 3020 motum.
702 2945 851 3018 Rustici*
870 2957 1011 3038 autem,
1038 2946 1102 3041 qui

38 3045 137 3120 duris
157 3056 318 3120 utuntur
330 3044 528 3137 placentis,
555 3041 729 3116 fortiores
746 3045 956 3212 plerum3ue
973 3044 1102 3118 dentes

39 3147 179 3218 habent
209 3143 245 3215 dt
273 3140 455 3236 gingivam
484 3139 703 3214 solidiorem.
765 3141 864 3213 Hinc
905 3140 954 3212 ub
983 3141 1103 3231 feriis,

41 3265 101 3334 per
120 3257 235 3315 totos
249 3237 521 3332 quatuordecim
535 3238 633 3328 dies,
659 3257 738 3310 non
751 3238 818 3311 niti
832 3237 993 3310 molliori
1007 3245 1117 3332 pane'

40 3341 108 3432 usi,
135 3341 274 3412 dentes
293 3335 452 3410 sentiunt
467 3335 795 3410 vacillantesaad
811 3333 983 3410 consueta
998 3337 1119 3410 cibo·-

39 3461 115 3510 rum
133 3455 279 3533 genera
301 3432 374 3506 laeti
394 3432 555 3506 redeunt
605 3431 713 3506 Scani
729 3445 849 3507 autem
868 3429 1012 3524 rustici,
1037 3436 1102 3528 qui

39 3537 170 3608 molles
197 3529 383 3606 &acidos
410 3529 607 3606 comedunt
633 3551 745 3625 panes
769 3533 947 3624 majores,
973 3531 1101 3606 dentes

394 3643 398 3650 ’
449 3641 455 3650 ’
488 3647 493 3662 ·
610 3639 613 3646 “
662 3639 665 3646 ’
851 3685 853 3692 ,
896 3685 916 3732 Δ.
944 3631 1101 3724 plerum-

816 3759 818 3766 Ι
939 3751 943 3762 ¹
1071 3809 1074 3814 .

43 3847 94 3985 u*
142 3841 231 3988 333.
252 3843 356 3907 tam.
376 3843 525 3918 utut.
544 3857 657 3929 prm.
676 3845 711 3908 e
729 3829 841 3940 nm.
859 3843 971 3932 saone.
988 3827 1115 3912 nect·

73 3948 119 3986 ι.
192 3938 361 4007 numo·
878 3947 900 3992 ·,
1117 3947 1122 3978 :

117 4009 217 4086 Tam.
236 4009 278 4081 V.
653 4004 685 4084 E
740 3996 783 4101 ⁸,
