2704 4776
83 269 509 370 mnusuomrro
534 185 955 419 murmurououl.
975 258 1059 373 '109

14 457 164 547 strabit,
179 477 262 550 quo
284 451 699 542 deficiente,··.defi'ciunt
718 453 794 526 fe'r'e
811 453 945 526 omnia.
969 477 975 486 ·
996 451 1062 526 Fa:

17 555 162 631 tendum
182 553 293 626 etiam
311 550 383 644 est,
411 565 522 624 artem
540 550 684 624 colendi
709 573 813 648 agros
838 551 876 624 in
896 551 962 623 hac
989 549 1063 643 ipsa

21 655 162 749 regione
187 649 231 724 ad
257 649 558 745 summumnfacile
583 649 721 742 apicem
749 647 952 742 perductam
976 647 1060 740 effe,

23 765 60 825 ut
79 749 140 843 qui
163 749 260 822 hanc
281 750 352 820 rite
376 745 553 818 addiscere
581 745 691 831 velit,
717 767 794 819 non
819 767 911 838 opus
931 746 1065 820 habeat

20 867 206 922 excurrere
226 845 272 917 ad
289 843 479 938 Anglosdt
497 844 584 916 alias
606 844 832 918 australiores
849 857 986 937 gentes.
1018 842 1063 918 Iu

15 949 78 1020 hac
97 957 204 1038 parte
219 942 306 1016 dum
326 939 496 1015 desudant
515 941 586 1030 viri
609 941 813 1032 acutiores,
835 963 882 1013 eo
907 963 1064 1036 perven-¹

14 1059 89 1116 tum
113 1039 188 1130 est,
213 1052 256 1112 ut
279 1038 459 1132 inquirere
476 1038 592 1110 etiam
614 1038 819 1132 inceperint
840 1038 877 1110 in
898 1053 1066 1113 veterum

14 1137 213 1234 opiniones
235 1135 279 1210 de
302 1135 600 1210 transmutatione
628 1135 798 1213 frumenti
824 1157 868 1208 ex
894 1157 969 1209 uno
995 1135 1066 1209 Ce·'

13 1237 101 1311 reali
125 1235 166 1308 in
187 1236 348 1307 alterum.
399 1231 542 1306 Interea
565 1254 751 1307 nonnemo
769 1233 806 1322 in
828 1255 904 1312 eam
924 1232 1063 1307 senten-

15 1321 103 1407 tiam
120 1331 225 1423 abiit,
248 1345 290 1404 ut
306 1331 436 1404 statuat
449 1329 670 1424 praestantius
684 1333 900 1404 frumentum
914 1332 952 1402 in
968 1344 1066 1404 terra

18 1429 187 1506 macriori
216 1428 432 1524 degenerare
456 1429 494 1500 in
522 1428 651 1517 vilius,
684 1428 782 1502 &in
809 1428 887 1500 solo
915 1427 1065 1503 vicissim

21 1527 203 1624 pinguiori
221 1525 501 1600 transformarie
518 1524 642 1598 viliori
661 1527 698 1598 in
720 1525 963 1620 prestantium
988 1524 1068 1598 Alii

21 1647 110 1698 vero
139 1624 232 1696 hanc
263 1623 565 1716 metamorphofin
598 1623 780 1696 mordicus
811 1625 955 1718 negant.
1004 1621 1067 1696 Ad

20 1747 75 1800 me
103 1722 204 1815 quod
232 1721 384 1811 attinet,
417 1721 525 1810 absit,
561 1733 602 1794 ut
625 1721 663 1794 in
690 1731 902 1816 quemquam
926 1721 987 1795 sim
1010 1721 1065 1794 in·

19 1822 153 1917 jorius,
186 1819 269 1892 dom
291 1839 385 1912 nego
407 1839 530 1890 veram
560 1817 627 1891 ess'e
649 1817 794 1892 alterius
817 1818 1067 1907 affectionem

20 1919 140 2014 quivis
165 1917 261 1990 enim
277 1928 402 1988 tenete
427 1915 557 2005 dehet,
582 1915 678 2008 quod
699 1917 857 2010 propriis
877 1917 993 1990 oculis
1010 1916 1068 1988 vi-

20 2016 133 2104 derit,
159 2013 194 2086 u
217 2011 371 2106 quilibet
394 2012 649 2106 experimentis
673 2013 830 2107 propriis
856 2013 976 2108 potest
1002 2013 1067 2087 fal·
1143 2093 1146 2102 Δ

20 2117 91 2188 iere
108 2111 269 2208 ignaros.
317 2107 468 2186 Interim
484 2124 604 2183 tamen
624 2111 743 2203 quivis
760 2111 868 2184 etiarn
889 2111 1069 2195 concedat

21 2210 149 2296 alteri,
183 2208 222 2282 in
249 2231 312 2298 re,
343 2227 421 2301 quae
450 2228 519 2296 pec
547 2208 783 2302 religionem,
814 2230 883 2282 nec
914 2208 1070 2281 formam
1111 2253 1113 2260 ,

23 2307 205 2404 regiminis
227 2305 332 2396 ferit,
361 2306 473 2379 libere
501 2303 652 2396 sentire,
682 2305 820 2398 &que
842 2306 905 2400 ipsr
930 2301 1072 2377 detecta

21 2406 121 2494 sunt,
155 2404 307 2496 aperire.
367 2401 549 2496 ideoque,
580 2401 662 2476 dum
696 2405 773 2476 haec
806 2404 850 2476 de
877 2416 1070 2476 metamor·

18 2503 120 2598 phofi
135 2501 308 2574 frumenti
327 2499 385 2573 hic
400 2501 566 2574 locorum
582 2499 703 2574 fervet
724 2501 993 2588 controversia,
1016 2502 1070 2573 lu·

20 2603 84 2674 bet
101 2599 212 2674 etiarn
229 2597 391 2688 nostrum
407 2597 452 2670 de
471 2599 536 2670 hac
554 2597 705 2672 referre
729 2598 913 2692 judicium.
962 2597 1072 2674 Novi

22 2698 210 2791 equidem,
227 2697 374 2770 millena
393 2697 640 2789 experimenta
661 2695 763 2792 super
787 2698 860 2772 hoc
887 2719 1071 2793 argumen-

23 2809 85 2886 to,
107 2817 172 2888 per
193 2793 312 2867 varias
339 2792 474 2868 Sueciae
503 2793 734 2888 provincias,
769 2797 842 2870 hoc
881 2817 977 2869 anno
1003 2795 1073 2870 effe

27 2893 208 2983 instituta,
231 2890 289 2964 sed
309 2912 460 2984 quorum
481 2891 616 2966 veritas
635 2915 711 2968 non
728 2907 962 2970 anteannum
984 2893 1073 2968 inse·
1109 2891 1112 2904 “

24 3004 195 3084 quantem
216 2987 407 3064 constabit.
429 3046 431 3052 ,
457 2989 496 3062 N
499 3010 541 3062 os
558 2991 701 3084 ipterim
717 2991 761 3066 de
777 2993 844 3066 hac
860 3014 899 3065 re
917 2990 968 3065 ita
985 3011 1074 3066 con·

21 3087 109 3162 vieti
136 3085 278 3177 sumus,
302 3099 343 3161 ut
362 3088 496 3180 absque
514 3087 684 3162 institutis
703 3091 960 3186 experimentis
985 3111 1074 3182 prae-

20 3187 148 3258 dicere
172 3184 365 3258 audeamus
397 3185 557 3258 futurum
575 3199 769 3279 eventum,
798 3185 914 3260 innixi
939 3186 1075 3279 princi·

20 3284 92 3379 piis
116 3279 327 3370 Boudion,
355 3299 399 3357 ex
423 3281 496 3378 ipsa
518 3295 646 3356 notura
670 3285 805 3378 petitis.
856 3283 1077 3387 Quicunque
1173 3340 1175 3357 .

21 3379 184 3454 enimin
208 3377 265 3452 his
292 3377 404 3460 solida
429 3381 519 3472 jecit
538 3379 783 3474 fundamenta,
810 3403 887 3456 non
910 3379 1029 3474 potest
1054 3403 1078 3456 a

20 3499 117 3550 vero
144 3477 288 3549 tramite
316 3478 504 3569 aberrare,
535 3477 648 3552 modo
671 3479 743 3560 rite
767 3478 945 3556 enutritus
966 3479 1079 3570 fuerit
1129 3491 1131 3496 ’

20 3576 60 3649 in
82 3572 196 3670 ipiius
216 3589 356 3660 nattum
379 3575 604 3674 cognitione.

240 3741 262 3802 ὁ.
772 3725 777 3734 Ι

82 3841 88 3854 ’
134 3866 139 3874 ’
195 3867 216 3946 i¹
235 3881 398 3946 naturam
427 3753 638 3968 pldntadlrd⁶
659 3865 837 3972 rite'uult
864 3871 1080 3970 intelligere,

26 3989 98 4046 uec
225 3968 301 4062 est,
326 3968 844 4068 utregaivegetabiiisvarias
866 3970 944 4046 vias
959 3970 1082 4142 seqltldd
