2700 4780
426 121 536 204 ‘SUS
565 121 773 214 SCROFA.
1059 146 1138 220 -471
1232 113 1235 120 ’

60 299 281 396 sconditas,
307 301 525 401 investigare
552 303 710 398 poffont.
760 306 972 380 Ventorum
991 302 1138 394 injurio

64 400 250 498 praesagus
268 401 341 490 est3
368 403 464 488 unde
492 401 556 490 fit,
579 417 643 494 ut,
673 405 886 504 imminente
909 399 1136 495 tempestate,

65 521 207 596 magno
225 522 308 576 curn
326 501 484 595 ejulatu,
508 500 701 576 stramenta
725 499 768 574 ad
790 501 924 576 cubilia
947 499 1139 573 sternenda

69 613 261 693 congerat.
311 599 441 674 Fertur
463 599 571 674 etiam
592 595 859 694 stupidillirnum
885 597 953 674 esse
971 597 1136 672 omnium
1270 625 1273 630 ¹

71 696 305 790 animalium,
340 695 437 795 unde
472 695 729 792 proverbium:
766 697 915 872 pinguis
945 697 1134 784 Minerua,
1214 669 1221 714 ¹

63 793 148 868 boc
174 786 247 884 est',
272 783 390 870 mihus
416 793 622 891 ingei'iiosb3
652 793 736 869 Nec
786 795 876 870 acile
902 793 1158 875 observamus.

62 892 160 966 illos
193 887 352 968 invicem
385 891 532 984 ludere;
574 889 824 989 quodamsed
855 891 1027 988 pleraque
1055 865 1136 962 aiii-

44 989 209 1065 'mantia
232 991 559 1084 juniolafaeinnt3
599 987 660 1064 sed
678 991 782 1067 balbi
809 1013 897 1066 cura
926 991 969 1063 a'd
998 987 1136 1062 viudin
1214 1060 1219 1078 ,

62 1089 355 1181 comparandum
382 1091 586 1188 trahuntur.
634 1087 719 1164 Nec
750 1089 851 1180 aliis,
882 1087 987 1183 duini
1006 1081 1134 1158 aura·
1184 1147 1188 1158 .

44 1185 182 1258 -lentis
203 1186 380 1278 vescitur,
404 1187 500 1262 unde
524 1187 864 1282 cbyltn'copiosus‚
893 1187 930 1262 aa
952 1186 1046 1260 barre
1068 1203 1132 1257 nu·

58 1283 185 1358 triens
217 1285 446 1363 conciliatur.
508 1285 561 1358 Ea
588 1304 659 1379 pro
687 1286 829 1362 cernis
856 1285 992 1384 galdet
1016 1281 1132 1362 facul·

58 1395 169 1474 tate,
199 1397 244 1456 ur
262 1384 480 1478 proboscide
504 1381 631 1458 fodiat.
679 1384 793 1458 Aliud
818 1393 896 1458 non
924 1381 1030 1462 daun
1055 1378 1132 1464 rni-

60 1481 162 1570 mal,
196 1480 293 1574 quod
319 1481 498 1574 ejusmodi
526 1481 731 1574 profundos
758 1482 875 1556 sulcos
901 1489 1036 1556 exarcit
1073 1473 1131 1560 ‚Id

60 1601 200 1671 nempe
223 1580 398 1672 peculiari
419 1580 558 1674 peragit
582 1579 855 1654 instromentoa
872 1577 1049 1652 ereatura
1066 1573 1132 1660 srbi

61 1675 262 1766 concesso,
291 1676 404 1770 inque
428 1677 683 1773 cartilaginoso
709 1677 924 1752 confistente
944 1672 1130 1770 probosci-
1231 1761 1237 1766 ¹

52 1773 124 1846 dis
150 1774 342 1862 orbiculo,
376 1775 435 1868 qui
466 1778 631 1850 elevatur
652 1775 843 1870 &rigescit
871 1795 944 1868 ope
975 1774 1130 1846 duosam

61 1871 332 1962 musculorum,
357 1897 379 1946 a
401 1871 562 1969 margine
591 1873 766 1948 inferiore
792 1871 872 1946 offis
904 1869 1126 1968 zygomrtlaei

63 1969 290 2072 orientium,
319 1985 426 2065 atque
455 1972 492 2046 in
522 1971 613 2046 duos
643 1972 785 2044 validos
811 1965 1127 2056 teudinum-orbi·

60 2069 154 2142 culo
179 2068 264 2142 huic
288 2069 413 2144 affiaos
436 2069 684 2156 desinentium.
728 2067 871 2142 Horum
890 2065 1004 2142 inuisa
1022 2067 1127 2138 colo·
1157 2149 1160 2158 .

53 2167 123 2242 nis
142 2181 183 2240 ut
197 2167 410 2240 cohibeatur
428 2179 614 2261 pratorum
634 2163 794 2258 effossro,
818 2165 986 2262 agricole
999 2162 1034 2236 dr
1048 2161 1125 2254 qui·

60 2265 148 2340 dem
172 2265 251 2362 lege
275 2263 433 2343 obstrisli
465 2265 565 2358 sunt,
591 2261 745 2340 rostrum
773 2285 900 2338 corum
927 2258 1148 2354 quotannis,

61 2364 201 2436 annulo
238 2366 379 2438 munire
413 2361 555 2454 ferreo,
596 2361 669 2438 five
699 2358 822 2436 subula
852 2355 1011 2434 rost'rurb
1036 2379 1125 2452 ,per-

63 2459 208 2550 forare,
244 2461 432 2554 eidemdue
461 2461 574 2534 breve
605 2459 895 2536 filumserreum
925 2453 1124 2558 intrudere,

62 2557 223 2651 illudque
242 2559 292 2632 ita
306 2558 543 2650 adtorquere,
573 2571 614 2632 ut
635 2557 788 2632 rostrum
808 2558 844 2628 vi
867 2557 973 2650 hujus
994 2553 1131 2628 setacei

65 2654 200 2750 semper
225 2657 368 2746 doleat,
399 2655 431 2728 dt
455 2655 507 2729 illi
529 2679 550 2730 a
569 2655 721 2732 soffioue
742 2654 776 2730 se
799 2653 1020 2740 abstineant3
1046 2669 1126 2744 quae

66 2751 207 2840 quidem
241 2753 422 2849 singularis
459 2753 509 2828 est
543 2754 734 2850 operatio,
773 2751 806 2826 dt
837 2751 898 2828 sub
931 2745 1123 2826 horrendis

59 2847 248 2945 suscipitur
269 2853 499 2939 clamoribus.
534 2851 591 2926 ln
614 2851 706 2928 itin:
721 2849 971 2946 Westrogotb.
991 2846 1122 2920 modiis
1275 2899 1283 2908 .

56 2950 209 3024 minime
234 2949 453 3043 spernendus
484 2949 795 3036 communicatur,
832 2947 939 3020 semel
965 2945 1121 3019 rostrum

56 3045 110 3120 ita
126 3045 316 3139 castrandi,
346 3059 387 3120 ut
407 3047 589 3139 nunquam
611 3045 736 3140 postea
751 3044 915 3135 fodiant,
944 3042 1043 3136 quod
1062 3027 1118 3132 iit,

51 3145 78 3219 sr
97 3143 265 3220 tendines
281 3145 382 3218 dislae
401 3143 628 3238 proboscidis
647 3141 914 3216 abscinduntur.
944 3129 1120 3212 ·Cclebre

51 3241 212 3316 omnino
239 3243 451 3334 inuentum,
485 3241 715 3314 &facillime
746 3239 782 3314 in
815 3230 987 3334 porcellis
1017 3257 1120 3310 exer·

48 3337 223 3414 cendum.
275 3339 444 3448 Pollicagi
473 3339 588 3434 spatio
615 3338 660 3412 ab
684 3349 850 3412 extremo
874 3335 1007 3424 rostrl,
1033 3333 1119 3408 scal·

48 3437 155 3532 pello
187 3436 345 3513 abscindi
376 3435 523 3532 possunt
556 3435 746 3529 tendines3
773 3435 797 3508 si
824 3455 916 3507 vero
945 3432 1117 3528 pro'priua

49 3533 321 3624 abscindantur,
337 3536 443 3610 facile
454 3533 763 3631 cartilagonasblis
776 3532 855 3606 laedi
867 3531 998 3629 potest.
1019 3529 1116 3603 'Hoc
1201 3595 1205 3604 .

50 3631 168 3716 ruodo
190 3633 365 3708 immunes
393 3645 500 3708 erunt
529 3631 697 3728 agricola
724 3631 923 3706 rb'eoruin
947 3626 1114 3716 fofflone,

49 3747 173 3822 neque
198 3751 292 3826 opus
308 3731 463 3822 habent,
491 3731 625 3824 quovis
647 3751 757 3820 vere,
783 3727 970 3824 strepitum
988 3725 1021 3798 dr
1039 3725 1113 3816 eju·

49 3829 400 3923 innumerarum,
430 3849 534 3907 aures
560 3829 640 4002 ige
659 3825 905 3927 frangentem,
930 3823 1113 3998 aurugine.
1194 3849 1204 3866 ’

50 3962 54 3974 ·
611 3945 687 4026 rr
1056 3937 1117 4026 me
