2630 4776
224 238 230 251 ·
265 254 333 330 10,
416 261 420 266 ·
516 233 921 312 axnvrnarraaa
951 234 1100 324 viva.

358 412 456 488 Hinc
468 412 632 488 constare
646 413 803 503 videtur,
818 413 953 490 Febres
971 414 1155 509 eiusmodi
1171 409 1295 492 erno

261 509 311 679 gis
334 512 507 604 excitari,
533 527 574 586 ut
595 537 672 606 quae
687 512 958 602 medicamentis
977 512 1223 607 appropriatis
1240 513 1295 604 pel·

277 622 396 682 untur.
1171 629 1176 636 ·

360 710 606 810 Quamobrem
630 708 776 784 Scabies
802 708 835 780 u
857 707 1082 801 Dysenteria
1112 705 1205 800 apud
1231 725 1295 792 nos,

262 805 397 897 absque
415 807 610 902 contagio,
638 807 727 902 saepe
749 807 908 896 oriatur,
932 830 977 880 ex
995 805 1115 878 allatis
1134 800 1295 900 cognosci·

259 915 341 1000 tur3
372 903 466 976 illius
491 906 587 980 enim
607 905 757 978 caussam
776 905 813 978 in
837 905 953 978 farina
976 902 1175 994 frumenti,
1198 903 1295 991 hujus·

262 1022 330 1090 que
356 1000 393 1073 in
419 1003 576 1094 potoriis
605 1004 803 1096 reperimus
831 1003 931 1074 vasis.
997 1000 1163 1090 Contra,
1191 996 1295 1070 insecta

259 1097 420 1186 Pestem,
452 1100 645 1188 Variolas,
672 1102 737 1176 &e
770 1101 1030 1192 producentia,
1060 1097 1130 1170 esse
1159 1095 1293 1182 exotica,

258 1217 328 1270 nec
352 1199 445 1288 apud
462 1221 551 1286 nos,
577 1198 642 1271 nisi
666 1201 727 1269 vel
745 1199 782 1272 in
806 1219 963 1290 corpore
986 1195 1142 1284 roseth,
1168 1191 1293 1264 velalio

258 1293 322 1366 sibi
340 1308 427 1386 apto
453 1296 641 1380 domicilio
669 1295 891 1368 incarcerata
914 1293 1068 1367 existere
1088 1291 1209 1386 polle,
1234 1285 1291 1358 veri

260 1391 311 1464 est
339 1393 460 1466 simile.
513 1394 630 1486 Hujus
659 1395 755 1466 sorte
784 1393 836 1464 rei
865 1391 979 1464 caussa
1006 1393 1045 1464 in
1072 1385 1290 1486 coelonostro

259 1489 406 1562 duriore
423 1491 675 1563 Acarorumve
698 1491 859 1563 molliori
883 1503 1010 1564 natura
1034 1489 1086 1561 est
1109 1479 1292 1579 quaereldu

258 1588 395 1660 sienim
416 1610 461 1660 ex
480 1588 702 1662 crassioribus
726 1589 767 1660 ad
787 1587 972 1660 subtiliora
992 1586 1152 1678 spectare
1170 1585 1219 1656 sas
1234 1581 1289 1652 sue·

258 1684 329 1774 rit,
358 1687 426 1757 alia
445 1685 574 1758 infesta
596 1687 688 1778 apud
702 1709 770 1759 nos
789 1685 956 1778 indigena
974 1685 1066 1774 ell'e,
1095 1683 1163 1754 alia
1183 1680 1289 1762 aestate,

260 1783 329 1856 alia
348 1783 503 1874 denique
520 1805 595 1856 non
615 1785 678 1857 nili
697 1783 880 1857 insedibus
899 1782 1054 1870 nostris,
1081 1781 1143 1854 ubi
1164 1777 1230 1852 soei
1248 1795 1289 1845 ca·

258 1881 316 1952 lor
335 1879 458 1952 eadem
482 1880 565 1966 alit,
591 1881 720 1974 degere
740 1880 989 1953 observamus:
1017 1879 1096 1952 haec
1117 1873 1288 1982 posteriora

260 1978 425 2067 eterris,
453 1978 495 2050 ad
519 1979 713 2052 Meridiem
737 1980 849 2072 magis
872 1979 1132 2071 vergentibus,
1156 1970 1287 2076 prosena

261 2075 471 2163 censemus,
508 2076 637 2149 borum
667 2099 760 2149 vero
790 2076 952 2148 omnium
983 2097 1063 2148 non
1096 2073 1214 2166 eadem
1237 2065 1287 2170 luit

259 2175 455 2262 mollities,
495 2173 623 2250 insedla
648 2177 766 2262 enim,
804 2195 880 2266 quae
907 2173 951 2244 de
980 2171 1185 2248 calidissr'ma
1211 2161 1287 2272 India

259 2272 331 2346 huc
351 2275 683 2365 commigraverint,
702 2275 736 2344 u
752 2274 788 2344 in
808 2272 898 2344 hanc
918 2285 1095 2362 cooptata
1111 2270 1177 2344 tint
1188 2265 1289 2368 civita·

261 2383 357 2456 tem,
387 2369 697 2460 deprehendimus.
749 2369 847 2439 ldem
870 2369 964 2440 hisce
991 2389 1138 2461 quoque
1158 2359 1289 2464 animali·

260 2465 328 2540 bus
355 2465 510 2550 accidit,
538 2486 691 2556 quorum
721 2465 837 2558 major
866 2466 1071 2558 frequentia
1101 2462 1204 2537 certis
1232 2473 1291 2546 qul·

260 2561 410 2635 busdam
434 2563 471 2633 in
495 2562 586 2634 locis
609 2577 715 2636 antea
739 2576 881 2656 reperta
903 2565 965 2650 sit,
992 2564 1077 2636 inde
1097 2581 1186 2633 vero
1205 2558 1290 2646 longe

261 2661 406 2750 lateque
430 2658 465 2730 se
487 2660 697 2733 diffuderint
720 2662 752 2732 ἃ
776 2661 909 2736 tristem
937 2655 1223 2734 suum'effcsirmr
1246 2667 1289 2720 ex·

262 2756 447 2829 seruerim.
500 2758 584 2829 Alia
598 2759 727 2830 horum
745 2758 837 2852 apud
857 2781 924 2832 nos
946 2757 1143 2832 domestica
1163 2743 1290 2854 evasisse

263 2855 445 2944 explicare
464 2854 582 2928 forsan
601 2855 737 2946 potest:
766 2878 829 2928 cur
847 2855 988 2948 quidam
1013 2871 1123 2928 antea
1140 2854 1290 2952 incognttt

262 2952 381 3024 morbi
409 2953 517 3025 certis
537 2954 629 3024 locis
652 2955 723 3025 orti
747 2953 884 3026 suerint
905 2953 938 3025 ἃ
957 2953 1108 3047 vulgati.
1159 2948 1245 3022 Hinc
1263 2959 1289 3027 ¹l¹

264 3049 364 3122 illum
383 3051 490 3122 etiam
508 3049 725 3124 deducemur
744 3053 944 3140 tramitem,
970 3052 1031 3124 ubi
1049 3050 1222 3146 rationem
1235 3058 1290 3112 cet·

263 3169 351 3222 nere
379 3148 526 3236 licebit,
553 3171 616 3221 cur
643 3150 762 3221 morbi
792 3150 904 3238 certi,
937 3150 1044 3221 certis
1068 3147 1150 3220 anni
1179 3154 1289 3245 tempe¹

263 3246 383 3332 ribus,
408 3245 583 3340 vigeant?
626 3247 864 3338 Praeterquam
893 3247 1012 3337 enim,
1045 3243 1143 3338 quod
1172 3241 1291 3334 plurim

263 3343 381 3415 morbi
415 3345 637 3438 contagiosi,
675 3344 817 3432 aestate,
858 3343 1069 3417 cunsiorum
1107 3335 1289 3438 inferiorum

265 3439 408 3532 optimo
435 3439 625 3531 trimestri,
655 3441 906 3514 dominentur:
933 3443 1051 3514 nodus
1082 3436 1290 3538 maximem-

265 3539 438 3625 tricatus,
473 3539 527 3626 de,
557 3561 603 3612 ex
633 3539 762 3612 horum
797 3539 1093 3612 animalculorum
1126 3517 1289 3608 artificiosa

266 3635 471 3707 oeconomia
491 3651 662 3727 exortus,
688 3658 813 3728 quam,
845 3660 908 3730 per
931 3637 1127 3710 mirandam
1147 3622 1290 3703 exantbe·

263 3745 399 3804 rnatum
429 3734 651 3828 analogiam,
684 3731 955 3829 cognoscimus,
991 3732 1132 3808 dissolvi
1165 3713 1291 3820 fortasis

262 3827 390 3921 potiit,
416 3851 489 3923 quo
509 3832 605 3904 enim
623 3832 735 3906 modo
753 3847 935 3906 mortuum
959 3853 1090 3926 corpus
1111 3827 1236 3915 semper
1250 3809 1291 3884 sua

261 3925 433 4002 fimilibus
460 3930 722 4008 exanthematis
747 3929 992 4025 efflorescere,
1019 3952 1087 4026 pro
1114 3915 1288 4093 ὥνεεᾶῗῑϋζθ
