2630 4776
181 341 186 350 -
264 302 341 413 ,ιδ-4
369 271 767 408 urnrcnnrurn
798 293 1234 376 cunvrorrurrn

142 457 201 523 ⁸⁸
268 503 327 580 13.
357 500 591 558 nuncnune:
624 499 785 557 Annum.
844 482 916 555 We.
951 477 1224 571 Carminativa,
1250 475 1311 554 Pel

364 582 458 670 lens,
479 576 803 650 Anthelminthica.
846 577 946 674 Usus.
974 575 1165 671 Cophosls,
1182 577 1311 652 Colica

269 724 330 796 Ι4·.
362 717 696 790 LAUROCERASUS,
740 694 963 792 praecedenti
1001 691 1161 791 affinis,
1186 697 1311 826 viribu

302 845 306 850 ·
364 793 535 892 congruit
558 785 613 885 *).

716 866 932 1022 §.xus
1102 983 1104 987 ,

364 1065 507 1172 Quibus
532 1062 695 1139 breviter
721 1065 915 1159 expositis,
944 1058 1253 1140 Graveolentium
1276 1043 1311 1130 vil

267 1189 325 1244 res
350 1188 427 1240 non
454 1164 582 1236 melius
613 1162 881 1260 intelligentur,
907 1186 1012 1256 quarn
1037 1158 1299 1235 attendendoe

266 1263 489 1342 Fundilones
514 1259 749 1353 Nervorum,
780 1261 818 1334 in
844 1281 937 1354 quos
962 1260 1073 1333 Olida
1096 1271 1138 1331 ut
1160 1253 1311 1330 Odoratt

268 1376 405 1460 agunt,
445 1357 767 1433 &confiderando
799 1358 1098 1434 suaveolentium
1128 1355 1166 1429 in
1198 1333 1311 1456 iisdenl

267 1459 440 1633 effredus,
474 1471 516 1530 ut
545 1459 729 1533 contraria
759 1458 862 1552 juxta
892 1455 1073 1554 seposito
1105 1451 1220 1549 magis
1254 1451 1311 1524 clu

268 1562 421 1634 cecant

362 1653 456 1728 Duae
480 1667 599 1727 autem
623 1651 704 1726 sunt
725 1651 938 1727 Nervorum
967 1648 1191 1727 Funenones
1215 1667 1311 1744 gener

266 1755 382 1844 mles,
409 1753 527 1848 'Sensus
545 1751 631 1824 nim.
647 1751 682 1823 &
703 1751 844 1839 Metto,
869 1772 960 1844 quos
977 1751 1191 1845 plerumque
1208 1743 1311 1838 unul,

267 1872 352 1925 raro
370 1848 524 1939 seorsim,
551 1847 711 1921 afficiunt
725 1849 914 1939 volatilia,
939 1849 1012 1922 five
1031 1859 1131 1944 grata
1152 1845 1228 1938 illa,
1251 1844 1311 1924 five

268 1949 409 2043 ingrata
439 1946 586 2020 fuerint.
637 1945 744 2019 Hinc'
762 1946 896 2040 duplex
927 1942 1183 2020 consideranda
1208 1941 1311 2016 olido

264 2067 347 2120 rum
366 2044 482 2135 auio,
507 2046 619 2116 altera
636 2043 673 2116 in
689 2042 820 2131 Sensu,
849 2045 886 2118 in
902 2045 1014 2118 Motu
1031 2044 1164 2132 altera,
1192 2001 1311 2135 quaed

269 2142 401 2219 effeilu
418 2141 577 2235 diversa,
602 2141 654 2215 ita
671 2140 860 2237 separatim
877 2164 1026 2237 queque
1041 2139 1300 2237 pertractanda.

706 2344 740 2433 §-
790 2337 890 2414 xur.

368 2473 494 2554 Homo
512 2477 670 2574 perteue
687 2477 812 2575 sanus,
838 2481 941 2574 qu'us
964 2475 1214 2573 Encephalum
1238 2475 1311 2550 bem

268 2577 447 2658 &Nervi
478 2577 512 2650 se
535 2578 605 2655 rite
632 2579 788 2670 habent,
821 2577 1008 2673 presentia
1039 2575 1179 2671 optime
1207 2571 1311 2670 sentin

268 2676 357 2749 olim
387 2688 559 2767 percepta
591 2689 714 2766 tenet,
745 2674 903 2749 absentia
937 2673 1176 2770 imaginatur,
1211 2667 1311 2744 sobril

267 2774 426 2869 judicat,
461 2785 597 2846 naturae
630 2772 791 2848 consona
816 2774 939 2867 cupit,
973 2772 1157 2846 contraria
1189 2765 1311 2844 aversn

267 2883 348 2959 tur,
372 2867 560 2942 moderate
578 2869 725 2962 dormit,
751 2871 880 2968 vigilat
893 2872 1023 2960 alacer,
1048 2869 1171 2942 animo
1190 2867 1311 2959 semper

267 2967 391 3042 hilaris
409 2966 599 3060 omnisque
617 2989 745 3062 expers
761 2970 922 3056 doloris3
948 2969 1065 3042 donec
1080 2961 1174 3039 male
1189 2963 1311 3046 affeilil

197 3137 203 3150 ,
266 3067 413 3156 nervis,
436 3073 545 3138 ruant
564 3065 601 3138 in
621 3068 724 3159 pejus
742 3067 885 3158 omnia,
911 3067 1003 3140 adeo
1017 3080 1059 3138 ut
1074 3061 1311 3159 cognoscitiu

265 3164 419 3237 facultas
448 3165 509 3235 vel
540 3163 814 3258 millelaedatur
843 3163 983 3252 modis3
1019 3162 1116 3236 unde
1150 3161 1311 3254 Sopores}

265 3259 450 3350 Dolores,
490 3259 773 3352 Somnolentiae,
817 3261 1034 3358 Pervigilia,
1080 3259 1311 3332 Obliviones

266 3358 535 3449 Phantasmata,
563 3359 734 3450 Insaniae,
764 3358 987 3452 Cupidines,
1014 3357 1220 3445 Horrores,
1252 3357 1311 3428 Lo

266 3455 380 3547 titire,
404 3455 606 3545 Moerores,
636 3457 793 3530 Amores
817 3457 1046 3550 Furoresque
1068 3477 1263 3546 enormes,
1288 3475 1311 3526 n

266 3551 456 3627 innumera
469 3553 546 3626 lere
566 3555 634 3626 alia
655 3554 846 3629 malesana
869 3555 1038 3628 oriuntur
1057 3554 1311 3647 symptomata

265 3647 350 3724 solis
379 3651 493 3724 fenne
526 3650 787 3746 compescenda
817 3652 1099 3725 Medicamentis
1132 3648 1311 3818 Nersvinsil

1224 3769 1273 3820 en
1290 3767 1311 3816 u

268 3867 1311 3892 *mnu—-

304 3933 341 4011 ⁸)
364 3931 506 3998 Addimus
533 3934 709 4027 inexperta,
741 3941 775 4003 nt
796 3933 897 4004 horum
917 3933 1084 4006 odoretur
1106 3934 1152 4003 bis
1171 3933 1250 4003 urile
1271 3929 1311 4008 all

153 4029 199 4106 μ
261 4014 378 4104 quando
392 4013 455 4100 fiat
468 4011 646 4124 periculum.
1310 4045 1311 4103 l
