<?xml version="1.0" encoding="UTF-8"?>
<!DOCTYPE html PUBLIC "-//W3C//DTD XHTML 1.0 Transitional//EN"
    "http://www.w3.org/TR/xhtml1/DTD/xhtml1-transitional.dtd">
<html xmlns="http://www.w3.org/1999/xhtml" xml:lang="en" lang="en">
 <head>
  <title>
</title>
<meta http-equiv="Content-Type" content="text/html;charset=utf-8" />
  <meta name='ocr-system' content='tesseract 3.04.00' />
  <meta name='ocr-capabilities' content='ocr_page ocr_carea ocr_par ocr_line ocrx_word'/>
</head>
<body>
  <div class='ocr_page' id='page_1' title='image "./carolialinnequi05schrgoog_0202.png"; bbox 0 0 2604 4786; ppageno 0'>
   <div class='ocr_carea' id='block_1_1' title="bbox 165 303 1007 412">
    <p class='ocr_par' dir='ltr' id='par_1_1' title="bbox 165 303 1007 412">
     <span class='ocr_line' id='line_1_1' title="bbox 165 303 1007 412; baseline -0.004 -20"><span class='ocrx_word' id='word_1_1' title='bbox 165 303 492 394; x_wconf 81' lang='lat' dir='ltr'>ARBORETUM</span> <span class='ocrx_word' id='word_1_2' title='bbox 519 303 795 386; x_wconf 77' lang='lat' dir='ltr'>svtctcutt.</span> <span class='ocrx_word' id='word_1_3' title='bbox 938 315 1007 412; x_wconf 82' lang='lat'>1&#39;95</span> 
     </span>
    </p>
   </div>
   <div class='ocr_carea' id='block_1_2' title="bbox 12 487 1054 4200">
    <p class='ocr_par' dir='ltr' id='par_1_2' title="bbox 12 487 1054 4200">
     <span class='ocr_line' id='line_1_2' title="bbox 15 487 1005 588; baseline -0.003 -19"><span class='ocrx_word' id='word_1_4' title='bbox 15 499 76 588; x_wconf 74' lang='lat' dir='ltr'>berg</span> <span class='ocrx_word' id='word_1_5' title='bbox 88 487 338 568; x_wconf 71' lang='lat' dir='ltr'>ubo-Gothis</span> <span class='ocrx_word' id='word_1_6' title='bbox 363 489 507 564; x_wconf 87' lang='lat' dir='ltr'>unicam</span> <span class='ocrx_word' id='word_1_7' title='bbox 535 489 732 562; x_wconf 79' lang='lat' dir='ltr'>alteramve</span> <span class='ocrx_word' id='word_1_8' title='bbox 753 501 893 564; x_wconf 86' lang='lat' dir='ltr'>tantum</span> <span class='ocrx_word' id='word_1_9' title='bbox 914 491 1005 566; x_wconf 84' lang='lat' dir='ltr'>vidi.</span> 
     </span>
     <span class='ocr_line' id='line_1_3' title="bbox 15 589 1006 688; baseline 0.001 -24"><span class='ocrx_word' id='word_1_10' title='bbox 15 591 106 664; x_wconf 83' lang='lat' dir='ltr'>Ferule</span> <span class='ocrx_word' id='word_1_11' title='bbox 123 605 206 666; x_wconf 89' lang='lat' dir='ltr'>amat</span> <span class='ocrx_word' id='word_1_12' title='bbox 220 593 350 688; x_wconf 83' lang='lat' dir='ltr'>solum,</span> <span class='ocrx_word' id='word_1_13' title='bbox 379 610 528 683; x_wconf 85' lang='lat' dir='ltr'>campos</span> <span class='ocrx_word' id='word_1_14' title='bbox 560 589 756 662; x_wconf 81' lang='lat' dir='ltr'><strong>etiamnum</strong></span> <span class='ocrx_word' id='word_1_15' title='bbox 784 601 910 664; x_wconf 87' lang='lat' dir='ltr'>tenera</span> <span class='ocrx_word' id='word_1_16' title='bbox 939 592 1006 666; x_wconf 87' lang='lat' dir='ltr'>vix</span> 
     </span>
     <span class='ocr_line' id='line_1_4' title="bbox 22 685 1005 782; baseline 0.002 -20"><span class='ocrx_word' id='word_1_17' title='bbox 22 689 122 782; x_wconf 78' lang='lat' dir='ltr'>petitu,</span> <span class='ocrx_word' id='word_1_18' title='bbox 142 689 194 764; x_wconf 90' lang='lat' dir='ltr'>sed</span> <span class='ocrx_word' id='word_1_19' title='bbox 218 701 259 762; x_wconf 94' lang='lat' dir='ltr'>ut</span> <span class='ocrx_word' id='word_1_20' title='bbox 283 689 328 762; x_wconf 84' lang='lat' dir='ltr'>ab</span> <span class='ocrx_word' id='word_1_21' title='bbox 354 687 434 760; x_wconf 86' lang='lat' dir='ltr'>aliis</span> <span class='ocrx_word' id='word_1_22' title='bbox 465 685 655 760; x_wconf 80' lang='lat' dir='ltr'>arboribus</span> <span class='ocrx_word' id='word_1_23' title='bbox 682 687 918 762; x_wconf 86' lang='lat' dir='ltr'>obumbretur</span> <span class='ocrx_word' id='word_1_24' title='bbox 940 711 1005 764; x_wconf 91' lang='lat' dir='ltr'>ne·</span> 
     </span>
     <span class='ocr_line' id='line_1_5' title="bbox 21 781 1003 882; baseline 0.003 -26"><span class='ocrx_word' id='word_1_25' title='bbox 21 785 75 856; x_wconf 81' lang='lat' dir='ltr'>ulle</span> <span class='ocrx_word' id='word_1_26' title='bbox 96 786 145 860; x_wconf 88' lang='lat' dir='ltr'>est.</span> <span class='ocrx_word' id='word_1_27' title='bbox 185 785 317 880; x_wconf 84' lang='lat' dir='ltr'>Supra·</span> <span class='ocrx_word' id='word_1_28' title='bbox 390 781 570 858; x_wconf 89' lang='lat' dir='ltr'>olandiam</span> <span class='ocrx_word' id='word_1_29' title='bbox 606 782 784 858; x_wconf 88' lang='lat' dir='ltr'>difficilius</span> <span class='ocrx_word' id='word_1_30' title='bbox 814 787 1003 882; x_wconf 85' lang='lat' dir='ltr'>provenit,</span> 
     </span>
     <span class='ocr_line' id='line_1_6' title="bbox 13 879 1003 980; baseline 0.005 -26"><span class='ocrx_word' id='word_1_31' title='bbox 13 881 227 960; x_wconf 77' lang='lat' dir='ltr'>naehunile</span> <span class='ocrx_word' id='word_1_32' title='bbox 250 879 315 960; x_wconf 52' lang='grc' dir='ltr'>ἕο</span> <span class='ocrx_word' id='word_1_33' title='bbox 396 900 436 968; x_wconf 77' lang='lat' dir='ltr'>m</span> <span class='ocrx_word' id='word_1_34' title='bbox 464 880 629 975; x_wconf 87' lang='lat' dir='ltr'>perllstit.</span> <span class='ocrx_word' id='word_1_35' title='bbox 681 881 742 954; x_wconf 86' lang='lat' dir='ltr'>Sic</span> <span class='ocrx_word' id='word_1_36' title='bbox 765 879 881 978; x_wconf 85' lang='lat' dir='ltr'>Fagus</span> <span class='ocrx_word' id='word_1_37' title='bbox 911 885 1003 980; x_wconf 79' lang='lat' dir='ltr'>hec,</span> 
     </span>
     <span class='ocr_line' id='line_1_7' title="bbox 12 970 1005 1074; baseline 0.008 -22"><span class='ocrx_word' id='word_1_38' title='bbox 12 999 70 1062; x_wconf 77' lang='lat' dir='ltr'>ure,</span> <span class='ocrx_word' id='word_1_39' title='bbox 86 980 214 1056; x_wconf 84' lang='lat' dir='ltr'>seculum</span> <span class='ocrx_word' id='word_1_40' title='bbox 237 970 424 1072; x_wconf 56' lang='lat' dir='ltr'>circiter}</span> <span class='ocrx_word' id='word_1_41' title='bbox 441 979 654 1072; x_wconf 57' lang='lat' dir='ltr'>imbertum</span> <span class='ocrx_word' id='word_1_42' title='bbox 681 977 925 1074; x_wconf 87' lang='lat' dir='ltr'>Upsaliensem</span> <span class='ocrx_word' id='word_1_43' title='bbox 950 983 1005 1060; x_wconf 90' lang='lat' dir='ltr'>in·</span> 
     </span>
     <span class='ocr_line' id='line_1_8' title="bbox 12 1077 1004 1186; baseline 0.008 -39"><span class='ocrx_word' id='word_1_44' title='bbox 12 1077 80 1150; x_wconf 73' lang='lat' dir='ltr'>mlta</span> <span class='ocrx_word' id='word_1_45' title='bbox 98 1079 172 1168; x_wconf 85' lang='lat' dir='ltr'>init,</span> <span class='ocrx_word' id='word_1_46' title='bbox 202 1077 259 1152; x_wconf 86' lang='lat' dir='ltr'>l&#39;ed</span> <span class='ocrx_word' id='word_1_47' title='bbox 284 1078 622 1186; x_wconf 59' lang='lat' dir='ltr'>petbusfcpntum</span> <span class='ocrx_word' id='word_1_48' title='bbox 650 1097 790 1170; x_wconf 87' lang='lat' dir='ltr'>annos,</span> <span class='ocrx_word' id='word_1_49' title='bbox 815 1099 883 1154; x_wconf 90' lang='lat' dir='ltr'>nec</span> <span class='ocrx_word' id='word_1_50' title='bbox 910 1093 1004 1176; x_wconf 87' lang='lat' dir='ltr'>arte,</span> 
     </span>
     <span class='ocr_line' id='line_1_9' title="bbox 12 1175 1005 1278; baseline 0.009 -33"><span class='ocrx_word' id='word_1_51' title='bbox 12 1195 52 1246; x_wconf 83' lang='lat' dir='ltr'>rec</span> <span class='ocrx_word' id='word_1_52' title='bbox 70 1199 158 1269; x_wconf 88' lang='lat' dir='ltr'>opere</span> <span class='ocrx_word' id='word_1_53' title='bbox 172 1175 351 1274; x_wconf 71' lang='lat' dir='ltr'>unquam,</span> <span class='ocrx_word' id='word_1_54' title='bbox 372 1179 486 1278; x_wconf 56' lang='lat' dir='ltr'>:aulam</span> <span class='ocrx_word' id='word_1_55' title='bbox 503 1185 644 1250; x_wconf 86' lang='lat' dir='ltr'>tantum</span> <span class='ocrx_word' id='word_1_56' title='bbox 662 1195 812 1270; x_wconf 80' lang='lat' dir='ltr'>orgyam</span> <span class='ocrx_word' id='word_1_57' title='bbox 826 1179 1005 1274; x_wconf 79' lang='lat' dir='ltr'>attingere</span> 
     </span>
     <span class='ocr_line' id='line_1_10' title="bbox 12 1267 1006 1368; baseline 0.009 -26"><span class='ocrx_word' id='word_1_58' title='bbox 12 1269 129 1364; x_wconf 71' lang='lat' dir='ltr'>iltioni,</span> <span class='ocrx_word' id='word_1_59' title='bbox 149 1279 360 1368; x_wconf 79' lang='lat' dir='ltr'>quamquam</span> <span class='ocrx_word' id='word_1_60' title='bbox 374 1267 415 1350; x_wconf 80' lang='lat' dir='ltr'>in</span> <span class='ocrx_word' id='word_1_61' title='bbox 442 1273 554 1348; x_wconf 77' lang='lat' dir='ltr'>natali</span> <span class='ocrx_word' id='word_1_62' title='bbox 579 1275 666 1347; x_wconf 88' lang='lat' dir='ltr'>loeo</span> <span class='ocrx_word' id='word_1_63' title='bbox 690 1273 846 1348; x_wconf 84' lang='lat' dir='ltr'>maxima</span> <span class='ocrx_word' id='word_1_64' title='bbox 868 1275 1006 1350; x_wconf 87' lang='lat' dir='ltr'>nostra·</span> 
     </span>
     <span class='ocr_line' id='line_1_11' title="bbox 12 1357 1054 1466; baseline 0.011 -28"><span class='ocrx_word' id='word_1_65' title='bbox 12 1391 60 1440; x_wconf 86' lang='lat' dir='ltr'>un</span> <span class='ocrx_word' id='word_1_66' title='bbox 82 1372 199 1462; x_wconf 85' lang='lat' dir='ltr'>evadit,</span> <span class='ocrx_word' id='word_1_67' title='bbox 234 1357 613 1466; x_wconf 65' lang='lat' dir='ltr'>u&#39;t&#39;dettimtanturu</span> <span class='ocrx_word' id='word_1_68' title='bbox 643 1371 775 1446; x_wconf 84' lang='lat' dir='ltr'>erbore</span> <span class='ocrx_word' id='word_1_69' title='bbox 802 1371 844 1444; x_wconf 90' lang='lat' dir='ltr'>L.</span> <span class='ocrx_word' id='word_1_70' title='bbox 871 1371 1002 1450; x_wconf 72' lang='lat' dir='ltr'>&amp;Lm</span> <span class='ocrx_word' id='word_1_71' title='bbox 1050 1415 1054 1434; x_wconf 84' lang='lat'><strong>·</strong></span> 
     </span>
     <span class='ocr_line' id='line_1_12' title="bbox 12 1467 1007 1564; baseline 0.01 -30"><span class='ocrx_word' id='word_1_72' title='bbox 12 1467 89 1538; x_wconf 81' lang='lat' dir='ltr'>vehes</span> <span class='ocrx_word' id='word_1_73' title='bbox 106 1469 269 1564; x_wconf 80' lang='lat' dir='ltr'>lignorum</span> <span class='ocrx_word' id='word_1_74' title='bbox 302 1471 550 1544; x_wconf 75' lang='lat' dir='ltr'>obtineantur.</span> <span class='ocrx_word' id='word_1_75' title='bbox 615 1469 726 1543; x_wconf 72' lang='lat' dir='ltr'>Floret</span> <span class='ocrx_word' id='word_1_76' title='bbox 757 1469 887 1542; x_wconf 87' lang='lat' dir='ltr'>eodem</span> <span class='ocrx_word' id='word_1_77' title='bbox 916 1481 1007 1545; x_wconf 90' lang='lat' dir='ltr'>tem-</span> 
     </span>
     <span class='ocr_line' id='line_1_13' title="bbox 12 1564 1007 1671; baseline 0.007 -37"><span class='ocrx_word' id='word_1_78' title='bbox 12 1583 82 1654; x_wconf 85' lang='lat' dir='ltr'>pure,</span> <span class='ocrx_word' id='word_1_79' title='bbox 99 1587 156 1658; x_wconf 90' lang='lat' dir='ltr'>quo</span> <span class='ocrx_word' id='word_1_80' title='bbox 173 1569 337 1671; x_wconf 86' lang='lat' dir='ltr'>Quercus</span> <span class='ocrx_word' id='word_1_81' title='bbox 356 1569 481 1642; x_wconf 83' lang='lat' dir='ltr'>Robur.</span> <span class='ocrx_word' id='word_1_82' title='bbox 530 1565 652 1640; x_wconf 89' lang='lat' dir='ltr'>Facile</span> <span class='ocrx_word' id='word_1_83' title='bbox 664 1565 852 1662; x_wconf 84' lang='lat' dir='ltr'>glandibus</span> <span class='ocrx_word' id='word_1_84' title='bbox 865 1564 1007 1661; x_wconf 88' lang='lat' dir='ltr'>seritur,</span> 
     </span>
     <span class='ocr_line' id='line_1_14' title="bbox 12 1662 1007 1758; baseline 0.013 -31"><span class='ocrx_word' id='word_1_85' title='bbox 12 1662 181 1748; x_wconf 76' lang='lat' dir='ltr'>manusco</span> <span class='ocrx_word' id='word_1_86' title='bbox 209 1678 388 1758; x_wconf 83' lang='lat' dir='ltr'>tegantur.</span> <span class='ocrx_word' id='word_1_87' title='bbox 448 1662 663 1756; x_wconf 85' lang='lat' dir='ltr'>Depreilum</span> <span class='ocrx_word' id='word_1_88' title='bbox 695 1663 929 1758; x_wconf 89' lang='lat' dir='ltr'>roridumque</span> <span class='ocrx_word' id='word_1_89' title='bbox 964 1685 1007 1740; x_wconf 81' lang='lat' dir='ltr'>ac</span> 
     </span>
     <span class='ocr_line' id='line_1_15' title="bbox 12 1759 1005 1855; baseline 0.012 -29"><span class='ocrx_word' id='word_1_90' title='bbox 12 1759 180 1834; x_wconf 84' lang='lat' dir='ltr'>nemorosum</span> <span class='ocrx_word' id='word_1_91' title='bbox 212 1761 341 1853; x_wconf 78' lang='lat' dir='ltr'>querit</span> <span class='ocrx_word' id='word_1_92' title='bbox 372 1759 496 1834; x_wconf 88' lang='lat' dir='ltr'>solum.</span> <span class='ocrx_word' id='word_1_93' title='bbox 555 1759 683 1852; x_wconf 81' lang='lat' dir='ltr'>Folia,</span> <span class='ocrx_word' id='word_1_94' title='bbox 712 1783 790 1854; x_wconf 79' lang='lat' dir='ltr'>que</span> <span class='ocrx_word' id='word_1_95' title='bbox 823 1760 1005 1855; x_wconf 85' lang='lat' dir='ltr'>decidere,</span> 
     </span>
     <span class='ocr_line' id='line_1_16' title="bbox 12 1856 1008 1952; baseline 0.012 -30"><span class='ocrx_word' id='word_1_96' title='bbox 12 1873 51 1924; x_wconf 87' lang='lat' dir='ltr'>nec</span> <span class='ocrx_word' id='word_1_97' title='bbox 72 1856 158 1930; x_wconf 81' lang='lat' dir='ltr'>facile</span> <span class='ocrx_word' id='word_1_98' title='bbox 184 1857 499 1952; x_wconf 84' lang='lat' dir='ltr'>computrescunt,</span> <span class='ocrx_word' id='word_1_99' title='bbox 527 1871 655 1952; x_wconf 87' lang='lat' dir='ltr'>tegunt</span> <span class='ocrx_word' id='word_1_100' title='bbox 680 1871 834 1948; x_wconf 86' lang='lat' dir='ltr'>terram,</span> <span class='ocrx_word' id='word_1_101' title='bbox 862 1859 1008 1934; x_wconf 84' lang='lat' dir='ltr'>exhala-</span> 
     </span>
     <span class='ocr_line' id='line_1_17' title="bbox 12 1949 1006 2038; baseline 0.011 -18"><span class='ocrx_word' id='word_1_102' title='bbox 12 1949 90 2026; x_wconf 86' lang='lat' dir='ltr'>iones</span> <span class='ocrx_word' id='word_1_103' title='bbox 110 1955 311 2030; x_wconf 79' lang='lat' dir='ltr'>retinent&amp;</span> <span class='ocrx_word' id='word_1_104' title='bbox 334 1955 635 2030; x_wconf 87' lang='lat' dir='ltr'>succulentiorem</span> <span class='ocrx_word' id='word_1_105' title='bbox 661 1955 817 2028; x_wconf 83' lang='lat' dir='ltr'>eandem.</span> <span class='ocrx_word' id='word_1_106' title='bbox 838 1956 1006 2038; x_wconf 76' lang='lat' dir='ltr'>reddunt.</span> 
     </span>
     <span class='ocr_line' id='line_1_18' title="bbox 12 2045 1007 2148; baseline 0.012 -32"><span class='ocrx_word' id='word_1_107' title='bbox 12 2045 129 2124; x_wconf 81' lang='lat' dir='ltr'>Difficilis</span> <span class='ocrx_word' id='word_1_108' title='bbox 150 2051 408 2148; x_wconf 78' lang='lat' dir='ltr'>trinsplcntdtu,</span> <span class='ocrx_word' id='word_1_109' title='bbox 434 2053 540 2144; x_wconf 88' lang='lat' dir='ltr'>quia,</span> <span class='ocrx_word' id='word_1_110' title='bbox 567 2051 591 2127; x_wconf 81' lang='lat' dir='ltr'>si</span> <span class='ocrx_word' id='word_1_111' title='bbox 615 2051 717 2124; x_wconf 86' lang='lat' dir='ltr'>radix</span> <span class='ocrx_word' id='word_1_112' title='bbox 746 2053 915 2145; x_wconf 84' lang='lat' dir='ltr'>primaria</span> <span class='ocrx_word' id='word_1_113' title='bbox 943 2054 1007 2128; x_wconf 87' lang='lat' dir='ltr'>de·</span> 
     </span>
     <span class='ocr_line' id='line_1_19' title="bbox 12 2149 1007 2242; baseline 0.008 -26"><span class='ocrx_word' id='word_1_114' title='bbox 12 2159 159 2240; x_wconf 79' lang='lat' dir='ltr'>vunsetur,</span> <span class='ocrx_word' id='word_1_115' title='bbox 181 2152 234 2224; x_wconf 88' lang='lat' dir='ltr'>uti</span> <span class='ocrx_word' id='word_1_116' title='bbox 252 2171 427 2242; x_wconf 88' lang='lat' dir='ltr'>quercus,</span> <span class='ocrx_word' id='word_1_117' title='bbox 456 2149 520 2222; x_wconf 84' lang='lat' dir='ltr'>vix</span> <span class='ocrx_word' id='word_1_118' title='bbox 537 2150 691 2223; x_wconf 86' lang='lat' dir='ltr'>ulterius</span> <span class='ocrx_word' id='word_1_119' title='bbox 711 2149 747 2222; x_wconf 87' lang='lat' dir='ltr'>in</span> <span class='ocrx_word' id='word_1_120' title='bbox 769 2150 878 2222; x_wconf 89' lang='lat' dir='ltr'>altum</span> <span class='ocrx_word' id='word_1_121' title='bbox 898 2153 1007 2224; x_wconf 85' lang='lat' dir='ltr'>attol-</span> 
     </span>
     <span class='ocr_line' id='line_1_20' title="bbox 12 2237 1006 2343; baseline 0.008 -29"><span class='ocrx_word' id='word_1_122' title='bbox 12 2237 67 2314; x_wconf 82' lang='lat' dir='ltr'>litu</span> <span class='ocrx_word' id='word_1_123' title='bbox 80 2248 203 2322; x_wconf 80' lang='lat' dir='ltr'>rander.</span> <span class='ocrx_word' id='word_1_124' title='bbox 252 2246 384 2320; x_wconf 88' lang='lat' dir='ltr'>Vestes</span> <span class='ocrx_word' id='word_1_125' title='bbox 403 2245 599 2337; x_wconf 88' lang='lat' dir='ltr'>foliaceas,</span> <span class='ocrx_word' id='word_1_126' title='bbox 626 2269 690 2340; x_wconf 87' lang='lat' dir='ltr'>per</span> <span class='ocrx_word' id='word_1_127' title='bbox 703 2259 818 2320; x_wconf 89' lang='lat' dir='ltr'>totam</span> <span class='ocrx_word' id='word_1_128' title='bbox 836 2246 1006 2343; x_wconf 90' lang='lat' dir='ltr'>hiemem,</span> 
     </span>
     <span class='ocr_line' id='line_1_21' title="bbox 12 2333 1006 2437; baseline 0.006 -23"><span class='ocrx_word' id='word_1_129' title='bbox 12 2333 95 2430; x_wconf 74' lang='lat' dir='ltr'>sepius</span> <span class='ocrx_word' id='word_1_130' title='bbox 108 2345 178 2420; x_wconf 90' lang='lat' dir='ltr'>beic</span> <span class='ocrx_word' id='word_1_131' title='bbox 193 2346 267 2418; x_wconf 90' lang='lat' dir='ltr'>loci</span> <span class='ocrx_word' id='word_1_132' title='bbox 292 2345 447 2437; x_wconf 87' lang='lat' dir='ltr'>retinet,</span> <span class='ocrx_word' id='word_1_133' title='bbox 473 2366 542 2418; x_wconf 91' lang='lat' dir='ltr'>nec</span> <span class='ocrx_word' id='word_1_134' title='bbox 562 2341 717 2437; x_wconf 88' lang='lat' dir='ltr'>deponit</span> <span class='ocrx_word' id='word_1_135' title='bbox 733 2343 920 2437; x_wconf 81' lang='lat' dir='ltr'>antiquas,</span> <span class='ocrx_word' id='word_1_136' title='bbox 945 2367 1006 2420; x_wconf 89' lang='lat' dir='ltr'>an·</span> 
     </span>
     <span class='ocr_line' id='line_1_22' title="bbox 12 2439 1006 2538; baseline 0.008 -28"><span class='ocrx_word' id='word_1_137' title='bbox 12 2445 104 2528; x_wconf 72' lang='lat' dir='ltr'>lecum</span> <span class='ocrx_word' id='word_1_138' title='bbox 122 2443 226 2518; x_wconf 89' lang='lat' dir='ltr'>novis</span> <span class='ocrx_word' id='word_1_139' title='bbox 253 2441 432 2518; x_wconf 89' lang='lat' dir='ltr'>induatur.</span> <span class='ocrx_word' id='word_1_140' title='bbox 483 2439 607 2514; x_wconf 87' lang='lat' dir='ltr'>Arbor</span> <span class='ocrx_word' id='word_1_141' title='bbox 629 2441 704 2516; x_wconf 87' lang='lat' dir='ltr'>haec</span> <span class='ocrx_word' id='word_1_142' title='bbox 725 2441 902 2530; x_wconf 85' lang='lat' dir='ltr'>maxima,</span> <span class='ocrx_word' id='word_1_143' title='bbox 927 2465 1006 2538; x_wconf 82' lang='lat' dir='ltr'>gra·</span> 
     </span>
     <span class='ocr_line' id='line_1_23' title="bbox 12 2531 1005 2632; baseline 0.006 -23"><span class='ocrx_word' id='word_1_144' title='bbox 12 2531 89 2610; x_wconf 80' lang='lat' dir='ltr'>vim</span> <span class='ocrx_word' id='word_1_145' title='bbox 105 2541 333 2616; x_wconf 80' lang='lat' dir='ltr'>vernantibus</span> <span class='ocrx_word' id='word_1_146' title='bbox 354 2539 568 2630; x_wconf 87' lang='lat' dir='ltr'>frondibus,</span> <span class='ocrx_word' id='word_1_147' title='bbox 593 2539 732 2632; x_wconf 83' lang='lat' dir='ltr'>plantas</span> <span class='ocrx_word' id='word_1_148' title='bbox 756 2539 882 2612; x_wconf 85' lang='lat' dir='ltr'>umbra</span> <span class='ocrx_word' id='word_1_149' title='bbox 895 2539 1005 2614; x_wconf 84' lang='lat' dir='ltr'>suffo-</span> 
     </span>
     <span class='ocr_line' id='line_1_24' title="bbox 12 2635 1008 2732; baseline 0.011 -28"><span class='ocrx_word' id='word_1_150' title='bbox 12 2651 61 2704; x_wconf 73' lang='lat' dir='ltr'>uns</span> <span class='ocrx_word' id='word_1_151' title='bbox 73 2639 218 2731; x_wconf 85' lang='lat' dir='ltr'>adeoque</span> <span class='ocrx_word' id='word_1_152' title='bbox 246 2637 358 2731; x_wconf 87' lang='lat' dir='ltr'>pratis</span> <span class='ocrx_word' id='word_1_153' title='bbox 386 2637 521 2728; x_wconf 83' lang='lat' dir='ltr'>invisa,</span> <span class='ocrx_word' id='word_1_154' title='bbox 548 2635 706 2730; x_wconf 86' lang='lat' dir='ltr'>topiaria</span> <span class='ocrx_word' id='word_1_155' title='bbox 729 2635 1008 2732; x_wconf 73' lang='lat' dir='ltr'>prestantium</span> 
     </span>
     <span class='ocr_line' id='line_1_25' title="bbox 12 2732 1006 2830; baseline 0.01 -30"><span class='ocrx_word' id='word_1_156' title='bbox 12 2732 130 2809; x_wconf 77' lang='lat' dir='ltr'>thorus</span> <span class='ocrx_word' id='word_1_157' title='bbox 152 2736 196 2809; x_wconf 86' lang='lat' dir='ltr'>ad</span> <span class='ocrx_word' id='word_1_158' title='bbox 216 2739 305 2810; x_wconf 82' lang='lat' dir='ltr'>altas</span> <span class='ocrx_word' id='word_1_159' title='bbox 326 2735 655 2829; x_wconf 88' lang='lat' dir='ltr'>pulcherrimasque</span> <span class='ocrx_word' id='word_1_160' title='bbox 671 2732 792 2829; x_wconf 84' lang='lat' dir='ltr'>sepes3</span> <span class='ocrx_word' id='word_1_161' title='bbox 817 2755 894 2810; x_wconf 92' lang='lat' dir='ltr'>non</span> <span class='ocrx_word' id='word_1_162' title='bbox 916 2757 1006 2830; x_wconf 88' lang='lat' dir='ltr'>quo·</span> 
     </span>
     <span class='ocr_line' id='line_1_26' title="bbox 12 2823 1006 2930; baseline 0.008 -28"><span class='ocrx_word' id='word_1_163' title='bbox 12 2823 159 2924; x_wconf 77' lang='lat' dir='ltr'>isarno,</span> <span class='ocrx_word' id='word_1_164' title='bbox 191 2831 271 2922; x_wconf 88' lang='lat' dir='ltr'>sed,</span> <span class='ocrx_word' id='word_1_165' title='bbox 307 2832 402 2906; x_wconf 80' lang='lat' dir='ltr'>srcco</span> <span class='ocrx_word' id='word_1_166' title='bbox 436 2831 600 2926; x_wconf 79' lang='lat' dir='ltr'>inprimis</span> <span class='ocrx_word' id='word_1_167' title='bbox 630 2829 819 2930; x_wconf 68' lang='lat' dir='ltr'>progresso</span> <span class='ocrx_word' id='word_1_168' title='bbox 851 2831 1006 2910; x_wconf 86' lang='lat' dir='ltr'>solstitio</span> 
     </span>
     <span class='ocr_line' id='line_1_27' title="bbox 12 2922 594 3024; baseline 0.015 -29"><span class='ocrx_word' id='word_1_169' title='bbox 12 2922 106 3020; x_wconf 71' lang='lat' dir='ltr'>silvo,</span> <span class='ocrx_word' id='word_1_170' title='bbox 126 2933 234 3007; x_wconf 86' lang='lat' dir='ltr'>flores</span> <span class='ocrx_word' id='word_1_171' title='bbox 259 2927 464 3022; x_wconf 69' lang='lat' dir='ltr'>fruetusque</span> <span class='ocrx_word' id='word_1_172' title='bbox 488 2930 594 3024; x_wconf 86' lang='lat' dir='ltr'>parit.</span> 
     </span>
     <span class='ocr_line' id='line_1_28' title="bbox 12 3023 1006 3126; baseline 0.007 -28"><span class='ocrx_word' id='word_1_173' title='bbox 12 3115 13 3126; x_wconf 9' lang='grc' dir='ltr'>ἵ</span> <span class='ocrx_word' id='word_1_174' title='bbox 65 3047 112 3120; x_wconf 77' lang='lat'>17.</span> <span class='ocrx_word' id='word_1_175' title='bbox 130 3025 379 3104; x_wconf 84' lang='lat' dir='ltr'><strong>CARPINUS</strong></span> <span class='ocrx_word' id='word_1_176' title='bbox 391 3027 528 3102; x_wconf 74' lang='lat' dir='ltr'>uerutus</span> <span class='ocrx_word' id='word_1_177' title='bbox 543 3027 594 3102; x_wconf 85' lang='lat' dir='ltr'>Fl.</span> <span class='ocrx_word' id='word_1_178' title='bbox 606 3023 759 3120; x_wconf 80' lang='lat' dir='ltr'>Su‚872.</span> <span class='ocrx_word' id='word_1_179' title='bbox 775 3023 1006 3122; x_wconf 77' lang='lat' dir='ltr'>(Afweulrlr)</span> 
     </span>
     <span class='ocr_line' id='line_1_29' title="bbox 12 3123 1007 3214; baseline 0.006 -19"><span class='ocrx_word' id='word_1_180' title='bbox 12 3137 67 3208; x_wconf 75' lang='lat' dir='ltr'>ipra</span> <span class='ocrx_word' id='word_1_181' title='bbox 80 3125 307 3199; x_wconf 77' lang='lat' dir='ltr'>lvexionian</span> <span class='ocrx_word' id='word_1_182' title='bbox 322 3123 538 3198; x_wconf 78' lang='lat' dir='ltr'>Smolandiae</span> <span class='ocrx_word' id='word_1_183' title='bbox 555 3125 693 3214; x_wconf 86' lang='lat' dir='ltr'>rarior,</span> <span class='ocrx_word' id='word_1_184' title='bbox 717 3125 812 3198; x_wconf 82' lang='lat' dir='ltr'>infra</span> <span class='ocrx_word' id='word_1_185' title='bbox 828 3146 920 3200; x_wconf 91' lang='lat' dir='ltr'>vero</span> <span class='ocrx_word' id='word_1_186' title='bbox 936 3127 1007 3200; x_wconf 88' lang='lat' dir='ltr'>fre·</span> 
     </span>
     <span class='ocr_line' id='line_1_30' title="bbox 13 3221 1007 3318; baseline 0.01 -30"><span class='ocrx_word' id='word_1_187' title='bbox 13 3233 93 3310; x_wconf 87' lang='lat' dir='ltr'>vens,</span> <span class='ocrx_word' id='word_1_188' title='bbox 118 3223 150 3295; x_wconf 76' lang='lat' dir='ltr'>b</span> <span class='ocrx_word' id='word_1_189' title='bbox 179 3225 216 3296; x_wconf 91' lang='lat' dir='ltr'>in</span> <span class='ocrx_word' id='word_1_190' title='bbox 244 3221 374 3296; x_wconf 85' lang='lat' dir='ltr'>Scania</span> <span class='ocrx_word' id='word_1_191' title='bbox 406 3221 600 3316; x_wconf 79' lang='lat' dir='ltr'>presertim</span> <span class='ocrx_word' id='word_1_192' title='bbox 631 3221 833 3297; x_wconf 84' lang='lat' dir='ltr'>australiori</span> <span class='ocrx_word' id='word_1_193' title='bbox 863 3243 1007 3318; x_wconf 88' lang='lat' dir='ltr'>campe·</span> 
     </span>
     <span class='ocr_line' id='line_1_31' title="bbox 12 3312 1008 3414; baseline 0.004 -26"><span class='ocrx_word' id='word_1_194' title='bbox 12 3312 90 3406; x_wconf 78' lang='lat' dir='ltr'>tique</span> <span class='ocrx_word' id='word_1_195' title='bbox 108 3317 393 3414; x_wconf 84' lang='lat' dir='ltr'>frequentiffime.</span> <span class='ocrx_word' id='word_1_196' title='bbox 444 3319 551 3393; x_wconf 81' lang='lat' dir='ltr'>Mene</span> <span class='ocrx_word' id='word_1_197' title='bbox 575 3319 735 3392; x_wconf 81' lang='lat' dir='ltr'>silvatica</span> <span class='ocrx_word' id='word_1_198' title='bbox 756 3321 840 3394; x_wconf 84' lang='lat' dir='ltr'>loca</span> <span class='ocrx_word' id='word_1_199' title='bbox 857 3321 1008 3414; x_wconf 78' lang='lat' dir='ltr'>fastidit,</span> 
     </span>
     <span class='ocr_line' id='line_1_32' title="bbox 12 3414 1009 3508; baseline 0.014 -26"><span class='ocrx_word' id='word_1_200' title='bbox 12 3414 166 3492; x_wconf 75' lang='lat' dir='ltr'>innuente</span> <span class='ocrx_word' id='word_1_201' title='bbox 187 3417 221 3490; x_wconf 79' lang='lat' dir='ltr'>dr</span> <span class='ocrx_word' id='word_1_202' title='bbox 244 3437 364 3490; x_wconf 85' lang='lat' dir='ltr'>maere</span> <span class='ocrx_word' id='word_1_203' title='bbox 392 3431 488 3491; x_wconf 86' lang='lat' dir='ltr'>terra</span> <span class='ocrx_word' id='word_1_204' title='bbox 508 3417 671 3508; x_wconf 77' lang='lat' dir='ltr'>letatur,</span> <span class='ocrx_word' id='word_1_205' title='bbox 696 3435 765 3491; x_wconf 91' lang='lat' dir='ltr'>nec</span> <span class='ocrx_word' id='word_1_206' title='bbox 790 3417 1009 3496; x_wconf 83' lang='lat' dir='ltr'>fertiliorem</span> 
     </span>
     <span class='ocr_line' id='line_1_33' title="bbox 12 3511 1008 3609; baseline 0.017 -35"><span class='ocrx_word' id='word_1_207' title='bbox 12 3517 176 3609; x_wconf 82' lang='lat' dir='ltr'>nntnnnit,</span> <span class='ocrx_word' id='word_1_208' title='bbox 203 3513 262 3588; x_wconf 88' lang='lat' dir='ltr'>sed</span> <span class='ocrx_word' id='word_1_209' title='bbox 282 3515 484 3588; x_wconf 86' lang='lat' dir='ltr'>declivibus</span> <span class='ocrx_word' id='word_1_210' title='bbox 509 3513 714 3588; x_wconf 74' lang='lat' dir='ltr'>deledlatur.</span> <span class='ocrx_word' id='word_1_211' title='bbox 765 3511 798 3589; x_wconf 86' lang='lat' dir='ltr'>E</span> <span class='ocrx_word' id='word_1_212' title='bbox 822 3515 943 3590; x_wconf 84' lang='lat' dir='ltr'>Gallia</span> <span class='ocrx_word' id='word_1_213' title='bbox 968 3519 1008 3592; x_wconf 90' lang='lat' dir='ltr'>in</span> 
     </span>
     <span class='ocr_line' id='line_1_34' title="bbox 12 3605 1041 3706; baseline 0.014 -30"><span class='ocrx_word' id='word_1_214' title='bbox 12 3605 244 3686; x_wconf 87' lang='lat' dir='ltr'>oilroshortos</span> <span class='ocrx_word' id='word_1_215' title='bbox 262 3613 419 3686; x_wconf 87' lang='lat' dir='ltr'>adhunc</span> <span class='ocrx_word' id='word_1_216' title='bbox 438 3629 551 3706; x_wconf 89' lang='lat' dir='ltr'>usque</span> <span class='ocrx_word' id='word_1_217' title='bbox 573 3611 667 3684; x_wconf 87' lang='lat' dir='ltr'>diem</span> <span class='ocrx_word' id='word_1_218' title='bbox 686 3611 921 3702; x_wconf 83' lang='lat' dir='ltr'>transfertur,</span> <span class='ocrx_word' id='word_1_219' title='bbox 946 3611 1008 3690; x_wconf 86' lang='lat' dir='ltr'>sub</span> <span class='ocrx_word' id='word_1_220' title='bbox 1035 3625 1041 3637; x_wconf 95' lang='grc'><strong>’</strong></span> 
     </span>
     <span class='ocr_line' id='line_1_35' title="bbox 12 3705 1008 3804; baseline 0.012 -30"><span class='ocrx_word' id='word_1_221' title='bbox 12 3705 103 3782; x_wconf 80' lang='lat' dir='ltr'>unire</span> <span class='ocrx_word' id='word_1_222' title='bbox 126 3715 282 3799; x_wconf 78' lang='lat' dir='ltr'>Charme,</span> <span class='ocrx_word' id='word_1_223' title='bbox 314 3725 494 3802; x_wconf 85' lang='lat' dir='ltr'>tamquam</span> <span class='ocrx_word' id='word_1_224' title='bbox 525 3729 612 3804; x_wconf 90' lang='lat' dir='ltr'>pere</span> <span class='ocrx_word' id='word_1_225' title='bbox 635 3705 714 3782; x_wconf 85' lang='lat' dir='ltr'>rina</span> <span class='ocrx_word' id='word_1_226' title='bbox 741 3709 849 3786; x_wconf 89' lang='lat' dir='ltr'>nobis</span> <span class='ocrx_word' id='word_1_227' title='bbox 876 3713 1008 3802; x_wconf 79' lang='lat' dir='ltr'>arbor3</span> 
     </span>
     <span class='ocr_line' id='line_1_36' title="bbox 12 3729 1009 3900; baseline 0.006 -24"><span class='ocrx_word' id='word_1_228' title='bbox 12 3797 72 3892; x_wconf 68' lang='lat' dir='ltr'>ligus</span> <span class='ocrx_word' id='word_1_229' title='bbox 87 3793 245 3883; x_wconf 82' lang='lat' dir='ltr'>nostrum</span> <span class='ocrx_word' id='word_1_230' title='bbox 265 3803 434 3896; x_wconf 86' lang='lat' dir='ltr'>sustinet,</span> <span class='ocrx_word' id='word_1_231' title='bbox 462 3807 572 3881; x_wconf 85' lang='lat' dir='ltr'>etiam</span> <span class='ocrx_word' id='word_1_232' title='bbox 594 3729 763 3900; x_wconf 52' lang='lat' dir='ltr'>ldpsalim</span> <span class='ocrx_word' id='word_1_233' title='bbox 790 3805 862 3900; x_wconf 87' lang='lat' dir='ltr'>sed,</span> <span class='ocrx_word' id='word_1_234' title='bbox 884 3807 1009 3884; x_wconf 88' lang='lat' dir='ltr'>nescio</span> 
     </span>
     <span class='ocr_line' id='line_1_37' title="bbox 12 3899 1009 4002; baseline -0.002 -22"><span class='ocrx_word' id='word_1_235' title='bbox 12 3913 44 3980; x_wconf 79' lang='lat' dir='ltr'>pa</span> <span class='ocrx_word' id='word_1_236' title='bbox 56 3899 93 3976; x_wconf 91' lang='lat' dir='ltr'>de</span> <span class='ocrx_word' id='word_1_237' title='bbox 113 3905 226 4000; x_wconf 70' lang='lat' dir='ltr'>musa,</span> <span class='ocrx_word' id='word_1_238' title='bbox 251 3925 328 3980; x_wconf 90' lang='lat' dir='ltr'>non</span> <span class='ocrx_word' id='word_1_239' title='bbox 347 3903 538 4000; x_wconf 79' lang='lat' dir='ltr'>seminibus</span> <span class='ocrx_word' id='word_1_240' title='bbox 557 3906 652 3998; x_wconf 81' lang='lat' dir='ltr'>apud</span> <span class='ocrx_word' id='word_1_241' title='bbox 672 3927 741 3980; x_wconf 85' lang='lat' dir='ltr'>uos</span> <span class='ocrx_word' id='word_1_242' title='bbox 754 3905 861 3980; x_wconf 80' lang='lat' dir='ltr'>facile</span> <span class='ocrx_word' id='word_1_243' title='bbox 876 3929 1009 4002; x_wconf 80' lang='lat' dir='ltr'>propt·</span> 
     </span>
     <span class='ocr_line' id='line_1_38' title="bbox 12 3995 1010 4200; baseline -0.001 -123"><span class='ocrx_word' id='word_1_244' title='bbox 12 3995 47 4078; x_wconf 68' lang='lat' dir='ltr'>lxi</span> <span class='ocrx_word' id='word_1_245' title='bbox 65 4001 186 4096; x_wconf 83' lang='lat' dir='ltr'>potest.</span> <span class='ocrx_word' id='word_1_246' title='bbox 239 4005 350 4080; x_wconf 72' lang='lat' dir='ltr'>llum</span> <span class='ocrx_word' id='word_1_247' title='bbox 364 3999 802 4174; x_wconf 75' lang='lat' dir='ltr'>menseNFrondescentie,</span> <span class='ocrx_word' id='word_1_248' title='bbox 822 4003 858 4080; x_wconf 72' lang='lat' dir='ltr'>d</span> <span class='ocrx_word' id='word_1_249' title='bbox 877 4003 1010 4200; x_wconf 47' lang='lat' dir='ltr'>{Zmint</span> 
     </span>
     <span class='ocr_line' id='line_1_39' title="bbox 544 4112 1015 4200; baseline 0.004 -24"><span class='ocrx_word' id='word_1_250' title='bbox 544 4121 565 4176; x_wconf 83' lang='lat' dir='ltr'>v</span> <span class='ocrx_word' id='word_1_251' title='bbox 922 4112 1015 4200; x_wconf 80' lang='lat' dir='ltr'>argit</span> 
     </span>
    </p>
   </div>
   <div class='ocr_carea' id='block_1_3' title="bbox 0 0 1307 4786">
    <p class='ocr_par' dir='ltr' id='par_1_3' title="bbox 0 0 1307 4786">
     <span class='ocr_line' id='line_1_40' title="bbox 0 0 1307 4786; baseline 0 0"><span class='ocrx_word' id='word_1_252' title='bbox 0 0 1307 4786; x_wconf 95' lang='lat' dir='ltr'> </span> 
     </span>
    </p>
   </div>
  </div>
 </body>
</html>
