<?xml version="1.0" encoding="UTF-8"?>
<!DOCTYPE html PUBLIC "-//W3C//DTD XHTML 1.0 Transitional//EN"
    "http://www.w3.org/TR/xhtml1/DTD/xhtml1-transitional.dtd">
<html xmlns="http://www.w3.org/1999/xhtml" xml:lang="en" lang="en">
 <head>
  <title>
</title>
<meta http-equiv="Content-Type" content="text/html;charset=utf-8" />
  <meta name='ocr-system' content='tesseract 3.04.00' />
  <meta name='ocr-capabilities' content='ocr_page ocr_carea ocr_par ocr_line ocrx_word'/>
</head>
<body>
  <div class='ocr_page' id='page_1' title='image "./carolialinnequi05schrgoog_0026.png"; bbox 0 0 2768 4768; ppageno 0'>
   <div class='ocr_carea' id='block_1_1' title="bbox 378 231 1130 346">
    <p class='ocr_par' dir='ltr' id='par_1_1' title="bbox 378 231 1130 346">
     <span class='ocr_line' id='line_1_1' title="bbox 378 231 1130 346; baseline 0.003 -18"><span class='ocrx_word' id='word_1_1' title='bbox 378 231 548 332; x_wconf 77' lang='lat' dir='ltr'><strong>nonni</strong></span> <span class='ocrx_word' id='word_1_2' title='bbox 579 251 810 332; x_wconf 78' lang='lat' dir='ltr'><strong>cunssrcr.</strong></span> <span class='ocrx_word' id='word_1_3' title='bbox 1083 272 1130 346; x_wconf 67' lang='grc' dir='ltr'><strong>ις</strong></span> 
     </span>
    </p>
   </div>
   <div class='ocr_carea' id='block_1_2' title="bbox 53 429 1223 2686">
    <p class='ocr_par' dir='ltr' id='par_1_2' title="bbox 53 429 1223 2686">
     <span class='ocr_line' id='line_1_2' title="bbox 72 429 1131 534; baseline -0.004 -22"><span class='ocrx_word' id='word_1_4' title='bbox 72 457 143 534; x_wconf 89' lang='lat' dir='ltr'><strong>que</strong></span> <span class='ocrx_word' id='word_1_5' title='bbox 171 431 327 508; x_wconf 85' lang='lat' dir='ltr'><strong>celerius</strong></span> <span class='ocrx_word' id='word_1_6' title='bbox 355 430 556 530; x_wconf 83' lang='lat' dir='ltr'><strong>Nostalgiae</strong></span> <span class='ocrx_word' id='word_1_7' title='bbox 577 429 685 511; x_wconf 86' lang='lat' dir='ltr'><strong>&#39;malo</strong></span> <span class='ocrx_word' id='word_1_8' title='bbox 717 435 936 532; x_wconf 82' lang='lat' dir='ltr'><strong>tangunnu,</strong></span> <span class='ocrx_word' id='word_1_9' title='bbox 969 431 1131 510; x_wconf 84' lang='lat' dir='ltr'><strong>similiter</strong></span> 
     </span>
     <span class='ocr_line' id='line_1_3' title="bbox 74 530 1131 626; baseline 0 -14"><span class='ocrx_word' id='word_1_10' title='bbox 74 539 146 612; x_wconf 86' lang='lat' dir='ltr'><strong>fere</strong></span> <span class='ocrx_word' id='word_1_11' title='bbox 173 545 284 626; x_wconf 89' lang='lat' dir='ltr'><strong>atque</strong></span> <span class='ocrx_word' id='word_1_12' title='bbox 308 531 417 605; x_wconf 88' lang='lat' dir='ltr'><strong>Sueci</strong></span> <span class='ocrx_word' id='word_1_13' title='bbox 446 531 618 609; x_wconf 87' lang='lat' dir='ltr'><strong>nostri&amp;</strong></span> <span class='ocrx_word' id='word_1_14' title='bbox 648 533 733 606; x_wconf 90' lang='lat' dir='ltr'><strong>item</strong></span> <span class='ocrx_word' id='word_1_15' title='bbox 761 533 938 625; x_wconf 88' lang='lat' dir='ltr'><strong>Helveti,</strong></span> <span class='ocrx_word' id='word_1_16' title='bbox 972 553 1054 606; x_wconf 89' lang='lat' dir='ltr'><strong>cum</strong></span> <span class='ocrx_word' id='word_1_17' title='bbox 1086 530 1131 612; x_wconf 85' lang='lat' dir='ltr'><strong>ad</strong></span> 
     </span>
     <span class='ocr_line' id='line_1_4' title="bbox 77 631 1130 726; baseline -0.007 -17"><span class='ocrx_word' id='word_1_18' title='bbox 77 631 304 709; x_wconf 87' lang='lat' dir='ltr'><strong>liollandiam</strong></span> <span class='ocrx_word' id='word_1_19' title='bbox 324 631 667 726; x_wconf 75' lang='lat' dir='ltr'><strong>commigraverint,</strong></span> <span class='ocrx_word' id='word_1_20' title='bbox 692 631 753 703; x_wconf 91' lang='lat' dir='ltr'><strong>ubi</strong></span> <span class='ocrx_word' id='word_1_21' title='bbox 774 634 874 706; x_wconf 88' lang='lat' dir='ltr'><strong>nulla</strong></span> <span class='ocrx_word' id='word_1_22' title='bbox 890 632 975 706; x_wconf 90' lang='lat' dir='ltr'><strong>huic</strong></span> <span class='ocrx_word' id='word_1_23' title='bbox 997 631 1130 704; x_wconf 84' lang='lat' dir='ltr'><strong>morbo</strong></span> 
     </span>
     <span class='ocr_line' id='line_1_5' title="bbox 73 725 1128 822; baseline -0.005 -17"><span class='ocrx_word' id='word_1_24' title='bbox 73 729 232 818; x_wconf 83' lang='lat' dir='ltr'><strong>medela,</strong></span> <span class='ocrx_word' id='word_1_25' title='bbox 255 727 320 800; x_wconf 87' lang='lat' dir='ltr'><strong>nifi</strong></span> <span class='ocrx_word' id='word_1_26' title='bbox 340 748 417 820; x_wconf 85' lang='lat' dir='ltr'><strong>qnae</strong></span> <span class='ocrx_word' id='word_1_27' title='bbox 440 729 477 802; x_wconf 90' lang='lat' dir='ltr'><strong>in</strong></span> <span class='ocrx_word' id='word_1_28' title='bbox 499 727 647 804; x_wconf 87' lang='lat' dir='ltr'><strong>fortiori</strong></span> <span class='ocrx_word' id='word_1_29' title='bbox 666 729 834 822; x_wconf 85' lang='lat' dir='ltr'><strong>corporis</strong></span> <span class='ocrx_word' id='word_1_30' title='bbox 851 743 956 803; x_wconf 85' lang='lat' dir='ltr'><strong>motu</strong></span> <span class='ocrx_word' id='word_1_31' title='bbox 977 729 1040 801; x_wconf 86' lang='lat' dir='ltr'><strong>srta</strong></span> <span class='ocrx_word' id='word_1_32' title='bbox 1062 725 1128 811; x_wconf 76' lang='lat' dir='ltr'><strong>est.</strong></span> 
     </span>
     <span class='ocr_line' id='line_1_6' title="bbox 69 823 1129 921; baseline -0.007 -18"><span class='ocrx_word' id='word_1_33' title='bbox 69 828 144 903; x_wconf 86' lang='lat' dir='ltr'><strong>Ubi</strong></span> <span class='ocrx_word' id='word_1_34' title='bbox 164 847 259 899; x_wconf 88' lang='lat' dir='ltr'><strong>vero</strong></span> <span class='ocrx_word' id='word_1_35' title='bbox 283 825 341 898; x_wconf 92' lang='lat' dir='ltr'><strong>vis</strong></span> <span class='ocrx_word' id='word_1_36' title='bbox 357 827 477 899; x_wconf 84' lang='lat' dir='ltr'>morbi</span> <span class='ocrx_word' id='word_1_37' title='bbox 501 826 609 920; x_wconf 81' lang='lat' dir='ltr'><strong>hujus</strong></span> <span class='ocrx_word' id='word_1_38' title='bbox 635 826 853 921; x_wconf 88' lang='lat' dir='ltr'><strong>invaluerit,</strong></span> <span class='ocrx_word' id='word_1_39' title='bbox 878 823 1129 920; x_wconf 87' lang='lat' dir='ltr'><strong>transspiratio</strong></span> 
     </span>
     <span class='ocr_line' id='line_1_7' title="bbox 68 923 1130 1019; baseline -0.005 -19"><span class='ocrx_word' id='word_1_40' title='bbox 68 925 188 1000; x_wconf 87' lang='lat' dir='ltr'><strong>indies</strong></span> <span class='ocrx_word' id='word_1_41' title='bbox 204 923 318 1019; x_wconf 88' lang='lat' dir='ltr'><strong>magis</strong></span> <span class='ocrx_word' id='word_1_42' title='bbox 331 924 516 1019; x_wconf 85' lang='lat' dir='ltr'><strong>magisque</strong></span> <span class='ocrx_word' id='word_1_43' title='bbox 534 937 773 1016; x_wconf 85' lang='lat' dir='ltr'>extenuatur,</span> <span class='ocrx_word' id='word_1_44' title='bbox 797 924 832 996; x_wconf 85' lang='lat' dir='ltr'><strong>dt</strong></span> <span class='ocrx_word' id='word_1_45' title='bbox 855 925 1040 1015; x_wconf 89' lang='lat' dir='ltr'><strong>humores,</strong></span> <span class='ocrx_word' id='word_1_46' title='bbox 1064 945 1130 1016; x_wconf 91' lang='lat' dir='ltr'><strong>per</strong></span> 
     </span>
     <span class='ocr_line' id='line_1_8' title="bbox 70 1021 1131 1115; baseline -0.003 -16"><span class='ocrx_word' id='word_1_47' title='bbox 70 1023 266 1099; x_wconf 87' lang='lat' dir='ltr'><strong>consuetos</strong></span> <span class='ocrx_word' id='word_1_48' title='bbox 284 1042 305 1094; x_wconf 92' lang='lat' dir='ltr'><strong>e</strong></span> <span class='ocrx_word' id='word_1_49' title='bbox 322 1041 481 1115; x_wconf 86' lang='lat' dir='ltr'><strong>corpore</strong></span> <span class='ocrx_word' id='word_1_50' title='bbox 497 1037 637 1096; x_wconf 89' lang='lat' dir='ltr'><strong>meatus</strong></span> <span class='ocrx_word' id='word_1_51' title='bbox 663 1021 799 1096; x_wconf 81' lang='lat' dir='ltr'><strong>exitum</strong></span> <span class='ocrx_word' id='word_1_52' title='bbox 817 1024 1033 1114; x_wconf 83' lang='lat' dir='ltr'><strong>molientes,</strong></span> <span class='ocrx_word' id='word_1_53' title='bbox 1056 1024 1131 1115; x_wconf 89' lang='lat' dir='ltr'><strong>jam</strong></span> 
     </span>
     <span class='ocr_line' id='line_1_9' title="bbox 68 1119 1223 1213; baseline -0.006 -14"><span class='ocrx_word' id='word_1_54' title='bbox 68 1119 198 1199; x_wconf 86' lang='lat' dir='ltr'><strong>relidui</strong></span> <span class='ocrx_word' id='word_1_55' title='bbox 229 1141 296 1213; x_wconf 92' lang='lat' dir='ltr'><strong>per</strong></span> <span class='ocrx_word' id='word_1_56' title='bbox 331 1119 419 1194; x_wconf 89' lang='lat' dir='ltr'><strong>alias</strong></span> <span class='ocrx_word' id='word_1_57' title='bbox 448 1119 530 1194; x_wconf 89' lang='lat' dir='ltr'><strong>vias</strong></span> <span class='ocrx_word' id='word_1_58' title='bbox 563 1119 686 1194; x_wconf 88' lang='lat' dir='ltr'><strong>eadem</strong></span> <span class='ocrx_word' id='word_1_59' title='bbox 724 1121 925 1212; x_wconf 88' lang='lat' dir='ltr'><strong>quantitate</strong></span> <span class='ocrx_word' id='word_1_60' title='bbox 959 1119 1131 1198; x_wconf 89' lang='lat' dir='ltr'><strong>evacuari</strong></span> <span class='ocrx_word' id='word_1_61' title='bbox 1221 1119 1223 1129; x_wconf 89' lang='lat'>&#39;</span> 
     </span>
     <span class='ocr_line' id='line_1_10' title="bbox 69 1215 1131 1314; baseline -0.002 -18"><span class='ocrx_word' id='word_1_62' title='bbox 69 1233 148 1296; x_wconf 87' lang='lat' dir='ltr'><strong>non</strong></span> <span class='ocrx_word' id='word_1_63' title='bbox 170 1215 337 1314; x_wconf 69' lang='lat' dir='ltr'><strong>possunt„-</strong></span> <span class='ocrx_word' id='word_1_64' title='bbox 384 1215 455 1292; x_wconf 87' lang='lat' dir='ltr'><strong>Sed</strong></span> <span class='ocrx_word' id='word_1_65' title='bbox 480 1219 652 1312; x_wconf 90' lang='lat' dir='ltr'><strong>quoniam</strong></span> <span class='ocrx_word' id='word_1_66' title='bbox 677 1220 944 1294; x_wconf 82' lang='lat' dir='ltr'><strong>excrementitii</strong></span> <span class='ocrx_word' id='word_1_67' title='bbox 968 1219 1070 1310; x_wconf 91' lang='lat' dir='ltr'><strong>sunt,</strong></span> <span class='ocrx_word' id='word_1_68' title='bbox 1095 1218 1131 1294; x_wconf 83' lang='lat' dir='ltr'><strong>dt</strong></span> 
     </span>
     <span class='ocr_line' id='line_1_11' title="bbox 68 1314 1132 1413; baseline 0 -19"><span class='ocrx_word' id='word_1_69' title='bbox 68 1319 143 1394; x_wconf 87' lang='lat' dir='ltr'><strong>hoc</strong></span> <span class='ocrx_word' id='word_1_70' title='bbox 159 1315 272 1390; x_wconf 91' lang='lat' dir='ltr'><strong>modo</strong></span> <span class='ocrx_word' id='word_1_71' title='bbox 294 1329 416 1390; x_wconf 91' lang='lat' dir='ltr'><strong>tamen</strong></span> <span class='ocrx_word' id='word_1_72' title='bbox 436 1314 601 1410; x_wconf 88' lang='lat' dir='ltr'><strong>quotidie</strong></span> <span class='ocrx_word' id='word_1_73' title='bbox 621 1331 818 1412; x_wconf 84' lang='lat' dir='ltr'><strong>augentur,</strong></span> <span class='ocrx_word' id='word_1_74' title='bbox 847 1320 996 1413; x_wconf 84' lang='lat' dir='ltr'><strong>corpori</strong></span> <span class='ocrx_word' id='word_1_75' title='bbox 1019 1317 1132 1396; x_wconf 84' lang='lat' dir='ltr'><strong>vene·-</strong></span> 
     </span>
     <span class='ocr_line' id='line_1_12' title="bbox 71 1411 1131 1514; baseline 0.002 -24"><span class='ocrx_word' id='word_1_76' title='bbox 71 1428 212 1491; x_wconf 88' lang='lat' dir='ltr'><strong>menter</strong></span> <span class='ocrx_word' id='word_1_77' title='bbox 241 1427 391 1487; x_wconf 88' lang='lat' dir='ltr'><strong>nocent.</strong></span> <span class='ocrx_word' id='word_1_78' title='bbox 442 1414 511 1488; x_wconf 91' lang='lat' dir='ltr'><strong>Per</strong></span> <span class='ocrx_word' id='word_1_79' title='bbox 542 1435 680 1490; x_wconf 86' lang='lat' dir='ltr'><strong>moram</strong></span> <span class='ocrx_word' id='word_1_80' title='bbox 711 1411 833 1490; x_wconf 75' lang='lat' dir='ltr'><strong>sensam</strong></span> <span class='ocrx_word' id='word_1_81' title='bbox 864 1418 945 1512; x_wconf 90' lang='lat' dir='ltr'><strong>plus</strong></span> <span class='ocrx_word' id='word_1_82' title='bbox 977 1417 1131 1514; x_wconf 89' lang='lat' dir='ltr'><strong>plusque</strong></span> 
     </span>
     <span class='ocr_line' id='line_1_13' title="bbox 53 1509 1130 1610; baseline 0 -21"><span class='ocrx_word' id='word_1_83' title='bbox 53 1511 257 1606; x_wconf 80' lang='lat' dir='ltr'><strong>-corrupti,</strong></span> <span class='ocrx_word' id='word_1_84' title='bbox 280 1509 407 1585; x_wconf 92' lang='lat' dir='ltr'><strong>viscidi</strong></span> <span class='ocrx_word' id='word_1_85' title='bbox 424 1510 698 1587; x_wconf 89' lang='lat' dir='ltr'><strong>&amp;immeabiles</strong></span> <span class='ocrx_word' id='word_1_86' title='bbox 718 1509 813 1588; x_wconf 90' lang='lat' dir='ltr'><strong>fiunt</strong></span> <span class='ocrx_word' id='word_1_87' title='bbox 828 1515 992 1610; x_wconf 78' lang='lat' dir='ltr'><strong>vasisque</strong></span> <span class='ocrx_word' id='word_1_88' title='bbox 1011 1516 1048 1589; x_wconf 91' lang='lat' dir='ltr'><strong>in</strong></span> <span class='ocrx_word' id='word_1_89' title='bbox 1064 1517 1130 1592; x_wconf 91' lang='lat' dir='ltr'><strong>mi·</strong></span> 
     </span>
     <span class='ocr_line' id='line_1_14' title="bbox 68 1607 1130 1708; baseline 0.002 -23"><span class='ocrx_word' id='word_1_90' title='bbox 68 1611 179 1693; x_wconf 82' lang='lat' dir='ltr'><strong>nimis</strong></span> <span class='ocrx_word' id='word_1_91' title='bbox 205 1607 381 1704; x_wconf 84' lang='lat' dir='ltr'><strong>stagnant</strong></span> <span class='ocrx_word' id='word_1_92' title='bbox 432 1611 533 1686; x_wconf 88' lang='lat' dir='ltr'><strong>Hinc</strong></span> <span class='ocrx_word' id='word_1_93' title='bbox 556 1607 800 1704; x_wconf 84' lang='lat' dir='ltr'><strong>plenitudo&amp;</strong></span> <span class='ocrx_word' id='word_1_94' title='bbox 825 1615 1007 1708; x_wconf 84' lang='lat' dir='ltr'><strong>gravitas,</strong></span> <span class='ocrx_word' id='word_1_95' title='bbox 1037 1613 1130 1708; x_wconf 86' lang='lat' dir='ltr'><strong>ejus·</strong></span> 
     </span>
     <span class='ocr_line' id='line_1_15' title="bbox 69 1706 1129 1806; baseline 0.004 -22"><span class='ocrx_word' id='word_1_96' title='bbox 69 1731 142 1806; x_wconf 88' lang='lat' dir='ltr'><strong>que</strong></span> <span class='ocrx_word' id='word_1_97' title='bbox 167 1708 205 1782; x_wconf 91' lang='lat' dir='ltr'><strong>in</strong></span> <span class='ocrx_word' id='word_1_98' title='bbox 224 1719 310 1788; x_wconf 90' lang='lat' dir='ltr'><strong>toto</strong></span> <span class='ocrx_word' id='word_1_99' title='bbox 328 1728 486 1803; x_wconf 87' lang='lat' dir='ltr'><strong>corpore</strong></span> <span class='ocrx_word' id='word_1_100' title='bbox 510 1706 648 1796; x_wconf 79' lang='lat' dir='ltr'><strong>sensus3</strong></span> <span class='ocrx_word' id='word_1_101' title='bbox 677 1707 762 1781; x_wconf 90' lang='lat' dir='ltr'><strong>hinc</strong></span> <span class='ocrx_word' id='word_1_102' title='bbox 787 1710 1046 1806; x_wconf 70' lang='lat' dir='ltr'><strong>dolorcapitis</strong></span> <span class='ocrx_word' id='word_1_103' title='bbox 1071 1717 1129 1788; x_wconf 87' lang='lat' dir='ltr'><strong>to·</strong></span> 
     </span>
     <span class='ocr_line' id='line_1_16' title="bbox 68 1807 1129 1904; baseline 0 -18"><span class='ocrx_word' id='word_1_104' title='bbox 68 1809 215 1900; x_wconf 89' lang='lat' dir='ltr'><strong>tiusque</strong></span> <span class='ocrx_word' id='word_1_105' title='bbox 248 1807 416 1898; x_wconf 91' lang='lat' dir='ltr'><strong>corporis</strong></span> <span class='ocrx_word' id='word_1_106' title='bbox 450 1807 681 1904; x_wconf 77' lang='lat' dir='ltr'><strong>gravativus3</strong></span> <span class='ocrx_word' id='word_1_107' title='bbox 714 1807 802 1880; x_wconf 90' lang='lat' dir='ltr'><strong>hinc</strong></span> <span class='ocrx_word' id='word_1_108' title='bbox 826 1808 1014 1898; x_wconf 81' lang='lat' dir='ltr'><strong>debilitas,</strong></span> <span class='ocrx_word' id='word_1_109' title='bbox 1042 1810 1129 1886; x_wconf 87' lang='lat' dir='ltr'><strong>laffi-</strong></span> 
     </span>
     <span class='ocr_line' id='line_1_17' title="bbox 67 1901 1127 2002; baseline 0.005 -24"><span class='ocrx_word' id='word_1_110' title='bbox 67 1905 183 1995; x_wconf 89' lang='lat' dir='ltr'><strong>tudo,</strong></span> <span class='ocrx_word' id='word_1_111' title='bbox 214 1901 429 1998; x_wconf 83' lang='lat' dir='ltr'><strong>cardialgia,</strong></span> <span class='ocrx_word' id='word_1_112' title='bbox 461 1903 734 1999; x_wconf 87' lang='lat' dir='ltr'><strong>inappetentia,</strong></span> <span class='ocrx_word' id='word_1_113' title='bbox 767 1905 919 1999; x_wconf 86' lang='lat' dir='ltr'><strong>nausea,</strong></span> <span class='ocrx_word' id='word_1_114' title='bbox 950 1909 1127 2002; x_wconf 87' lang='lat' dir='ltr'><strong>vomitus,</strong></span> 
     </span>
     <span class='ocr_line' id='line_1_18' title="bbox 67 1999 1130 2094; baseline 0.007 -17"><span class='ocrx_word' id='word_1_115' title='bbox 67 2002 262 2094; x_wconf 87' lang='lat' dir='ltr'><strong>diarrhoea,</strong></span> <span class='ocrx_word' id='word_1_116' title='bbox 279 2001 387 2075; x_wconf 90' lang='lat' dir='ltr'><strong>dolor</strong></span> <span class='ocrx_word' id='word_1_117' title='bbox 399 1999 673 2092; x_wconf 85' lang='lat' dir='ltr'><strong>intestinorum,</strong></span> <span class='ocrx_word' id='word_1_118' title='bbox 697 2002 893 2082; x_wconf 85' lang='lat' dir='ltr'><strong>&amp;tandem</strong></span> <span class='ocrx_word' id='word_1_119' title='bbox 911 2005 1052 2082; x_wconf 88' lang='lat' dir='ltr'><strong>funesta</strong></span> <span class='ocrx_word' id='word_1_120' title='bbox 1066 2007 1130 2084; x_wconf 89' lang='lat' dir='ltr'><strong>illa</strong></span> 
     </span>
     <span class='ocr_line' id='line_1_19' title="bbox 66 2099 1129 2193; baseline 0.005 -16"><span class='ocrx_word' id='word_1_121' title='bbox 66 2101 202 2192; x_wconf 78' lang='lat' dir='ltr'><strong>febris,</strong></span> <span class='ocrx_word' id='word_1_122' title='bbox 227 2117 332 2193; x_wconf 90' lang='lat' dir='ltr'><strong>quam</strong></span> <span class='ocrx_word' id='word_1_123' title='bbox 360 2115 444 2174; x_wconf 89' lang='lat' dir='ltr'><strong>ante</strong></span> <span class='ocrx_word' id='word_1_124' title='bbox 471 2099 741 2175; x_wconf 89' lang='lat' dir='ltr'><strong>nominavimus</strong></span> <span class='ocrx_word' id='word_1_125' title='bbox 768 2103 1004 2179; x_wconf 87' lang='lat' dir='ltr'><strong>mesenterica</strong></span> <span class='ocrx_word' id='word_1_126' title='bbox 1034 2103 1129 2182; x_wconf 75' lang='lat' dir='ltr'><strong>dista</strong></span> 
     </span>
     <span class='ocr_line' id='line_1_20' title="bbox 66 2197 1130 2294; baseline 0.007 -21"><span class='ocrx_word' id='word_1_127' title='bbox 66 2201 134 2274; x_wconf 88' lang='lat' dir='ltr'><strong>vel</strong></span> <span class='ocrx_word' id='word_1_128' title='bbox 156 2197 425 2294; x_wconf 87' lang='lat' dir='ltr'><strong>amphimerina.</strong></span> <span class='ocrx_word' id='word_1_129' title='bbox 476 2197 546 2272; x_wconf 91' lang='lat' dir='ltr'><strong>His</strong></span> <span class='ocrx_word' id='word_1_130' title='bbox 571 2197 734 2288; x_wconf 88' lang='lat' dir='ltr'><strong>accedit,</strong></span> <span class='ocrx_word' id='word_1_131' title='bbox 766 2200 864 2292; x_wconf 92' lang='lat' dir='ltr'><strong>quod</strong></span> <span class='ocrx_word' id='word_1_132' title='bbox 890 2201 1057 2276; x_wconf 89' lang='lat' dir='ltr'><strong>homines</strong></span> <span class='ocrx_word' id='word_1_133' title='bbox 1083 2205 1130 2280; x_wconf 86' lang='lat' dir='ltr'><strong>ad</strong></span> 
     </span>
     <span class='ocr_line' id='line_1_21' title="bbox 69 2291 1128 2389; baseline 0.002 -17"><span class='ocrx_word' id='word_1_134' title='bbox 69 2296 236 2372; x_wconf 87' lang='lat' dir='ltr'><strong>morbum</strong></span> <span class='ocrx_word' id='word_1_135' title='bbox 257 2291 438 2389; x_wconf 79' lang='lat' dir='ltr'><strong>dispositi,</strong></span> <span class='ocrx_word' id='word_1_136' title='bbox 470 2317 547 2372; x_wconf 92' lang='lat' dir='ltr'><strong>non</strong></span> <span class='ocrx_word' id='word_1_137' title='bbox 571 2292 685 2368; x_wconf 91' lang='lat' dir='ltr'><strong>solum</strong></span> <span class='ocrx_word' id='word_1_138' title='bbox 707 2293 846 2371; x_wconf 90' lang='lat' dir='ltr'><strong>humidi</strong></span> <span class='ocrx_word' id='word_1_139' title='bbox 866 2300 958 2374; x_wconf 69' lang='lat' dir='ltr'><strong>airis</strong></span> <span class='ocrx_word' id='word_1_140' title='bbox 979 2298 1040 2372; x_wconf 88' lang='lat' dir='ltr'><strong>vel</strong></span> <span class='ocrx_word' id='word_1_141' title='bbox 1062 2304 1128 2374; x_wconf 90' lang='lat' dir='ltr'><strong>mi·</strong></span> 
     </span>
     <span class='ocr_line' id='line_1_22' title="bbox 63 2389 1128 2494; baseline 0.006 -24"><span class='ocrx_word' id='word_1_142' title='bbox 63 2391 285 2470; x_wconf 89' lang='lat' dir='ltr'><strong>nutiilimum</strong></span> <span class='ocrx_word' id='word_1_143' title='bbox 308 2395 510 2488; x_wconf 86' lang='lat' dir='ltr'><strong>attrahant,</strong></span> <span class='ocrx_word' id='word_1_144' title='bbox 542 2389 601 2468; x_wconf 91' lang='lat' dir='ltr'><strong>sed</strong></span> <span class='ocrx_word' id='word_1_145' title='bbox 627 2393 846 2486; x_wconf 89' lang='lat' dir='ltr'><strong>perniciosas</strong></span> <span class='ocrx_word' id='word_1_146' title='bbox 871 2398 980 2470; x_wconf 91' lang='lat' dir='ltr'><strong>etiam</strong></span> <span class='ocrx_word' id='word_1_147' title='bbox 1005 2395 1039 2469; x_wconf 84' lang='lat' dir='ltr'><strong>dt</strong></span> <span class='ocrx_word' id='word_1_148' title='bbox 1062 2423 1128 2494; x_wconf 91' lang='lat' dir='ltr'><strong>pu·</strong></span> 
     </span>
     <span class='ocr_line' id='line_1_23' title="bbox 62 2490 1128 2605; baseline 0.006 -37"><span class='ocrx_word' id='word_1_149' title='bbox 62 2491 181 2605; x_wconf 79' lang='lat' dir='ltr'><strong>tridas</strong></span> <span class='ocrx_word' id='word_1_150' title='bbox 209 2490 483 2589; x_wconf 84' lang='lat' dir='ltr'><strong>exhalationes,</strong></span> <span class='ocrx_word' id='word_1_151' title='bbox 509 2509 661 2588; x_wconf 77' lang='lat' dir='ltr'><strong>quaram</strong></span> <span class='ocrx_word' id='word_1_152' title='bbox 681 2491 721 2566; x_wconf 91' lang='lat' dir='ltr'><strong>in</strong></span> <span class='ocrx_word' id='word_1_153' title='bbox 742 2494 898 2570; x_wconf 88' lang='lat' dir='ltr'><strong>navibus</strong></span> <span class='ocrx_word' id='word_1_154' title='bbox 922 2494 1049 2594; x_wconf 81' lang='lat' dir='ltr'><strong>ingens</strong></span> <span class='ocrx_word' id='word_1_155' title='bbox 1075 2497 1128 2574; x_wconf 88' lang='lat' dir='ltr'><strong>est</strong></span> 
     </span>
     <span class='ocr_line' id='line_1_24' title="bbox 61 2605 489 2686; baseline -0.005 -20"><span class='ocrx_word' id='word_1_156' title='bbox 61 2609 189 2686; x_wconf 82' lang='lat' dir='ltr'><strong>eopia.</strong></span> <span class='ocrx_word' id='word_1_157' title='bbox 483 2605 489 2630; x_wconf 62' lang='lat'>⁸</span> 
     </span>
    </p>
   </div>
   <div class='ocr_carea' id='block_1_3' title="bbox 480 2691 807 2822">
    <p class='ocr_par' dir='ltr' id='par_1_3' title="bbox 480 2691 807 2822">
     <span class='ocr_line' id='line_1_25' title="bbox 480 2691 807 2822; baseline 0 -82"><span class='ocrx_word' id='word_1_158' title='bbox 480 2691 807 2822; x_wconf 42' lang='lat' dir='ltr'><strong>.§.XI·¹</strong></span> 
     </span>
    </p>
   </div>
   <div class='ocr_carea' id='block_1_4' title="bbox 50 2859 1186 4120">
    <p class='ocr_par' dir='ltr' id='par_1_4' title="bbox 50 2859 1186 4116">
     <span class='ocr_line' id='line_1_26' title="bbox 160 2859 1127 2962; baseline 0.005 -21"><span class='ocrx_word' id='word_1_159' title='bbox 160 2865 388 2962; x_wconf 75' lang='lat' dir='ltr'><strong>Pracipuum</strong></span> <span class='ocrx_word' id='word_1_160' title='bbox 414 2865 524 2962; x_wconf 84' lang='lat' dir='ltr'><strong>igitur</strong></span> <span class='ocrx_word' id='word_1_161' title='bbox 548 2883 647 2936; x_wconf 88' lang='lat' dir='ltr'><strong>nunc</strong></span> <span class='ocrx_word' id='word_1_162' title='bbox 671 2859 814 2937; x_wconf 87' lang='lat' dir='ltr'><strong>fontem</strong></span> <span class='ocrx_word' id='word_1_163' title='bbox 842 2863 1011 2940; x_wconf 82' lang='lat' dir='ltr'><strong>indicasse</strong></span> <span class='ocrx_word' id='word_1_164' title='bbox 1035 2869 1127 2946; x_wconf 91' lang='lat' dir='ltr'><strong>mihi</strong></span> 
     </span>
     <span class='ocr_line' id='line_1_27' title="bbox 56 2961 1127 3058; baseline 0.002 -16"><span class='ocrx_word' id='word_1_165' title='bbox 56 2965 222 3058; x_wconf 77' lang='lat' dir='ltr'><strong>videor,</strong></span> <span class='ocrx_word' id='word_1_166' title='bbox 246 2963 408 3040; x_wconf 91' lang='lat' dir='ltr'><strong>funestus</strong></span> <span class='ocrx_word' id='word_1_167' title='bbox 424 2962 521 3038; x_wconf 88' lang='lat' dir='ltr'><strong>unde</strong></span> <span class='ocrx_word' id='word_1_168' title='bbox 540 2975 642 3034; x_wconf 90' lang='lat' dir='ltr'><strong>ortus</strong></span> <span class='ocrx_word' id='word_1_169' title='bbox 658 2961 884 3055; x_wconf 85' lang='lat' dir='ltr'><strong>morborum,</strong></span> <span class='ocrx_word' id='word_1_170' title='bbox 911 2965 1127 3058; x_wconf 88' lang='lat' dir='ltr'><strong>quibuscum</strong></span> 
     </span>
     <span class='ocr_line' id='line_1_28' title="bbox 55 3059 1126 3158; baseline 0 -17"><span class='ocrx_word' id='word_1_171' title='bbox 55 3077 185 3141; x_wconf 80' lang='lat' dir='ltr'><strong>nautae</strong></span> <span class='ocrx_word' id='word_1_172' title='bbox 216 3061 540 3151; x_wconf 71' lang='lat' dir='ltr'><strong>condidabantur,</strong></span> <span class='ocrx_word' id='word_1_173' title='bbox 565 3059 800 3154; x_wconf 77' lang='lat' dir='ltr'><strong>promanarit.</strong></span> <span class='ocrx_word' id='word_1_174' title='bbox 851 3061 950 3136; x_wconf 93' lang='lat' dir='ltr'><strong>Hinc</strong></span> <span class='ocrx_word' id='word_1_175' title='bbox 978 3085 1126 3158; x_wconf 89' lang='lat' dir='ltr'><strong>quoque</strong></span> 
     </span>
     <span class='ocr_line' id='line_1_29' title="bbox 55 3156 1126 3258; baseline -0.002 -21"><span class='ocrx_word' id='word_1_176' title='bbox 55 3165 168 3258; x_wconf 77' lang='lat' dir='ltr'><strong>juxta</strong></span> <span class='ocrx_word' id='word_1_177' title='bbox 206 3174 334 3256; x_wconf 84' lang='lat' dir='ltr'><strong>patet,</strong></span> <span class='ocrx_word' id='word_1_178' title='bbox 368 3172 500 3255; x_wconf 79' lang='lat' dir='ltr'><strong>praeter</strong></span> <span class='ocrx_word' id='word_1_179' title='bbox 535 3156 721 3247; x_wconf 86' lang='lat' dir='ltr'><strong>laborem,</strong></span> <span class='ocrx_word' id='word_1_180' title='bbox 759 3159 896 3232; x_wconf 88' lang='lat' dir='ltr'><strong>nullum</strong></span> <span class='ocrx_word' id='word_1_181' title='bbox 926 3159 1126 3258; x_wconf 85' lang='lat' dir='ltr'><strong>Nostalgiae</strong></span> 
     </span>
     <span class='ocr_line' id='line_1_30' title="bbox 56 3255 1126 3354; baseline -0.001 -21"><span class='ocrx_word' id='word_1_182' title='bbox 56 3261 180 3334; x_wconf 90' lang='lat' dir='ltr'><strong>tutius</strong></span> <span class='ocrx_word' id='word_1_183' title='bbox 201 3259 285 3333; x_wconf 90' lang='lat' dir='ltr'><strong>fore</strong></span> <span class='ocrx_word' id='word_1_184' title='bbox 305 3257 526 3349; x_wconf 85' lang='lat' dir='ltr'><strong>remedium,</strong></span> <span class='ocrx_word' id='word_1_185' title='bbox 554 3275 662 3348; x_wconf 89' lang='lat' dir='ltr'><strong>quam</strong></span> <span class='ocrx_word' id='word_1_186' title='bbox 681 3255 848 3330; x_wconf 79' lang='lat' dir='ltr'><strong>ut‘animi</strong></span> <span class='ocrx_word' id='word_1_187' title='bbox 873 3258 1126 3354; x_wconf 86' lang='lat' dir='ltr'><strong>languidorum</strong></span> 
     </span>
     <span class='ocr_line' id='line_1_31' title="bbox 56 3351 1126 3453; baseline 0 -21"><span class='ocrx_word' id='word_1_188' title='bbox 56 3359 263 3453; x_wconf 80' lang='lat' dir='ltr'><strong>eriganttu.</strong></span> <span class='ocrx_word' id='word_1_189' title='bbox 324 3357 416 3430; x_wconf 90' lang='lat' dir='ltr'><strong>Rem</strong></span> <span class='ocrx_word' id='word_1_190' title='bbox 445 3356 560 3429; x_wconf 92' lang='lat' dir='ltr'><strong>innuo</strong></span> <span class='ocrx_word' id='word_1_191' title='bbox 587 3351 879 3428; x_wconf 77' lang='lat' dir='ltr'><strong>consideratione</strong></span> <span class='ocrx_word' id='word_1_192' title='bbox 910 3375 956 3428; x_wconf 89' lang='lat' dir='ltr'><strong>eo</strong></span> <span class='ocrx_word' id='word_1_193' title='bbox 983 3353 1126 3452; x_wconf 83' lang='lat' dir='ltr'><strong>dignio-</strong></span> 
     </span>
     <span class='ocr_line' id='line_1_32' title="bbox 56 3449 1124 3548; baseline 0.002 -18"><span class='ocrx_word' id='word_1_194' title='bbox 56 3477 163 3544; x_wconf 85' lang='lat' dir='ltr'><strong>rem,</strong></span> <span class='ocrx_word' id='word_1_195' title='bbox 188 3475 264 3548; x_wconf 92' lang='lat' dir='ltr'><strong>quo</strong></span> <span class='ocrx_word' id='word_1_196' title='bbox 292 3455 426 3529; x_wconf 87' lang='lat' dir='ltr'><strong>certius</strong></span> <span class='ocrx_word' id='word_1_197' title='bbox 450 3451 523 3542; x_wconf 88' lang='lat' dir='ltr'><strong>est,</strong></span> <span class='ocrx_word' id='word_1_198' title='bbox 546 3449 741 3524; x_wconf 75' lang='lat' dir='ltr'><strong>deciniatis</strong></span> <span class='ocrx_word' id='word_1_199' title='bbox 767 3450 899 3526; x_wconf 92' lang='lat' dir='ltr'><strong>nostris</strong></span> <span class='ocrx_word' id='word_1_200' title='bbox 921 3455 1124 3548; x_wconf 81' lang='lat' dir='ltr'><strong>(inroterade</strong></span> 
     </span>
     <span class='ocr_line' id='line_1_33' title="bbox 56 3547 1123 3647; baseline -0.001 -19"><span class='ocrx_word' id='word_1_201' title='bbox 56 3547 240 3641; x_wconf 69' lang='lat' dir='ltr'><strong>altman)</strong></span> <span class='ocrx_word' id='word_1_202' title='bbox 259 3566 392 3646; x_wconf 83' lang='lat' dir='ltr'><strong>praeter</strong></span> <span class='ocrx_word' id='word_1_203' title='bbox 416 3549 552 3624; x_wconf 74' lang='lat' dir='ltr'><strong>villum</strong></span> <span class='ocrx_word' id='word_1_204' title='bbox 575 3549 859 3642; x_wconf 88' lang='lat' dir='ltr'><strong>qualemcunque</strong></span> <span class='ocrx_word' id='word_1_205' title='bbox 885 3551 1123 3647; x_wconf 76' lang='lat' dir='ltr'><strong>devestitum,</strong></span> 
     </span>
     <span class='ocr_line' id='line_1_34' title="bbox 55 3645 1123 3744; baseline 0 -19"><span class='ocrx_word' id='word_1_206' title='bbox 55 3651 121 3726; x_wconf 86' lang='lat' dir='ltr'><strong>sub</strong></span> <span class='ocrx_word' id='word_1_207' title='bbox 145 3663 231 3724; x_wconf 88' lang='lat' dir='ltr'><strong>tota</strong></span> <span class='ocrx_word' id='word_1_208' title='bbox 255 3651 318 3724; x_wconf 92' lang='lat' dir='ltr'><strong>illa</strong></span> <span class='ocrx_word' id='word_1_209' title='bbox 339 3647 597 3744; x_wconf 86' lang='lat' dir='ltr'><strong>expeditione,</strong></span> <span class='ocrx_word' id='word_1_210' title='bbox 619 3646 822 3739; x_wconf 77' lang='lat' dir='ltr'><strong>periculosa</strong></span> <span class='ocrx_word' id='word_1_211' title='bbox 843 3645 925 3722; x_wconf 90' lang='lat' dir='ltr'><strong>satis</strong></span> <span class='ocrx_word' id='word_1_212' title='bbox 950 3649 985 3723; x_wconf 88' lang='lat'>&amp;</span> <span class='ocrx_word' id='word_1_213' title='bbox 1009 3655 1123 3726; x_wconf 91' lang='lat' dir='ltr'><strong>mole-</strong></span> 
     </span>
     <span class='ocr_line' id='line_1_35' title="bbox 54 3741 1186 3852; baseline 0.001 -29"><span class='ocrx_word' id='word_1_214' title='bbox 54 3747 134 3841; x_wconf 82' lang='lat' dir='ltr'><strong>lla,</strong></span> <span class='ocrx_word' id='word_1_215' title='bbox 161 3747 256 3822; x_wconf 93' lang='lat' dir='ltr'><strong>nihil</strong></span> <span class='ocrx_word' id='word_1_216' title='bbox 277 3768 464 3822; x_wconf 88' lang='lat' dir='ltr'><strong>remanere</strong></span> <span class='ocrx_word' id='word_1_217' title='bbox 487 3743 664 3818; x_wconf 86' lang='lat' dir='ltr'><strong>mercedis</strong></span> <span class='ocrx_word' id='word_1_218' title='bbox 686 3741 721 3814; x_wconf 82' lang='lat' dir='ltr'><strong>dt</strong></span> <span class='ocrx_word' id='word_1_219' title='bbox 742 3743 981 3822; x_wconf 88' lang='lat' dir='ltr'><strong>incitamenti.</strong></span> <span class='ocrx_word' id='word_1_220' title='bbox 1034 3751 1122 3852; x_wconf 90' lang='lat' dir='ltr'><strong>Quo</strong></span> <span class='ocrx_word' id='word_1_221' title='bbox 1183 3773 1186 3778; x_wconf 88' lang='lat'>·</span> 
     </span>
     <span class='ocr_line' id='line_1_36' title="bbox 52 3841 1124 3940; baseline 0.003 -22"><span class='ocrx_word' id='word_1_222' title='bbox 52 3846 203 3922; x_wconf 87' lang='lat' dir='ltr'><strong>idcirco</strong></span> <span class='ocrx_word' id='word_1_223' title='bbox 228 3842 293 3938; x_wconf 92' lang='lat' dir='ltr'><strong>fit,</strong></span> <span class='ocrx_word' id='word_1_224' title='bbox 321 3861 363 3918; x_wconf 86' lang='lat' dir='ltr'><strong>ut</strong></span> <span class='ocrx_word' id='word_1_225' title='bbox 385 3845 543 3919; x_wconf 91' lang='lat' dir='ltr'><strong>animum</strong></span> <span class='ocrx_word' id='word_1_226' title='bbox 567 3841 845 3916; x_wconf 83' lang='lat' dir='ltr'><strong>&amp;alacritatem</strong></span> <span class='ocrx_word' id='word_1_227' title='bbox 875 3844 1124 3940; x_wconf 91' lang='lat' dir='ltr'><strong>despondeant</strong></span> 
     </span>
     <span class='ocr_line' id='line_1_37' title="bbox 50 3939 1124 4116; baseline -0.006 -94"><span class='ocrx_word' id='word_1_228' title='bbox 50 3961 237 4039; x_wconf 83' lang='lat' dir='ltr'><strong>omnem,</strong></span> <span class='ocrx_word' id='word_1_229' title='bbox 272 3941 444 4042; x_wconf 83' lang='lat' dir='ltr'><strong>suumque</strong></span> <span class='ocrx_word' id='word_1_230' title='bbox 471 3939 657 4033; x_wconf 76' lang='lat' dir='ltr'><strong>officium,</strong></span> <span class='ocrx_word' id='word_1_231' title='bbox 675 3939 765 4034; x_wconf 79' lang='lat' dir='ltr'><strong>&#39;qu‘o</strong></span> <span class='ocrx_word' id='word_1_232' title='bbox 787 3940 1008 4042; x_wconf 76' lang='lat' dir='ltr'><strong>fungentur,</strong></span> <span class='ocrx_word' id='word_1_233' title='bbox 1043 3939 1124 4116; x_wconf 66' lang='lat' dir='ltr'><strong>nipn</strong></span> 
     </span>
    </p>

    <p class='ocr_par' dir='ltr' id='par_1_5' title="bbox 595 4064 1119 4120">
     <span class='ocr_line' id='line_1_38' title="bbox 595 4064 1119 4120; baseline 0.004 -2"><span class='ocrx_word' id='word_1_234' title='bbox 595 4074 597 4082; x_wconf 59' lang='grc'>’</span> <span class='ocrx_word' id='word_1_235' title='bbox 1025 4064 1119 4120; x_wconf 83' lang='lat' dir='ltr'><strong>mr·</strong></span> 
     </span>
    </p>
   </div>
   <div class='ocr_carea' id='block_1_5' title="bbox 0 0 1388 4768">
    <p class='ocr_par' dir='ltr' id='par_1_6' title="bbox 0 0 1388 4768">
     <span class='ocr_line' id='line_1_39' title="bbox 0 0 1388 4768; baseline 0 1"><span class='ocrx_word' id='word_1_236' title='bbox 0 0 1388 4768; x_wconf 95' lang='lat' dir='ltr'><strong> </strong></span> 
     </span>
    </p>
   </div>
  </div>
 </body>
</html>
