2714 4768
298 223 362 348 γε
594 232 816 331 unauna
850 237 1054 334 'patret

295 455 450 508 voraces
497 451 744 524 russurrensis
774 437 808 510 dc
838 438 1046 510 volutantes
1089 441 1313 516 utramuis

295 531 484 626 Purpoises
510 533 642 626 (Kalm.
670 541 709 610 it.
723 555 755 608 2.
778 553 913 631 p.154‚
942 557 1022 626 155,
1052 542 1132 626 156,
1158 551 1232 628 158,
1251 563 1312 632 ιη,
1332 579 1339 615 ;,

298 655 381 722 124,
410 635 488 702 126.
491 623 538 716 ),·
561 629 671 723 pedes
689 654 814 705 eorum
836 631 967 727 postici
984 633 1173 708 coadunati
1189 634 1273 726 sunt,
1291 637 1339 716 δι’]

294 727 440 804 brachia
471 748 597 800 eorum
628 728 722 802 intre
752 729 910 803 thoracis
946 743 1065 804 cutem
1097 732 1257 826 retraeta,
1283 743 1317 806 ut
1330 739 1339 750 ‘'

294 826 435 904 facilius
461 825 498 898 in
521 825 584 898 suo
610 826 791 900 elemento
818 842 1028 923 properent.
1330 824 1339 874 ³⁴³

389 971 464 1044 Has
491 969 639 1044 delicias
664 971 726 1044 etsr
751 972 931 1045 tantillum
954 967 1210 1059 delibavimus,
1232 969 1334 1058 fateri

292 1085 412 1144 tamen
437 1066 573 1142 necesse
601 1068 795 1160 habemus,
828 1070 993 1164 exiguam
1018 1069 1125 1142 valde
1157 1067 1219 1142 elle
1241 1067 1334 1140 illan·

293 1165 563 1262 coguitionem,
592 1189 697 1258 quam
722 1168 789 1239 bac
811 1167 849 1240 in
872 1190 911 1239 re
940 1165 1174 1260 poffidemus3
1199 1187 1257 1239 nec
1277 1179 1314 1236 ta·

290 1289 373 1338 men
405 1285 534 1359 negare
569 1263 772 1357 pollumus,
816 1265 903 1358 quin
936 1287 1106 1338 numerus
1140 1263 1339 1338 animalium:

290 1362 510 1438 marinorum
536 1363 578 1434 srt
600 1360 814 1456 stupendus,
844 1362 878 1434 &
903 1361 999 1434 forte
1027 1363 1171 1436 dubiam
1190 1363 1337 1456 palmam-

251 1485 255 1492 ·
290 1459 394 1534 cedat
419 1459 654 1532 terrestribus.
711 1459 901 1552 Speremus
930 1473 1051 1533 tamen
1077 1462 1178 1550 fore,
1206 1471 1242 1532 ut
1264 1455 1339 1534 scri

290 1559 432 1631 demum
466 1556 636 1650 Nepotes
673 1558 710 1630 in
746 1557 875 1658 borum
906 1559 1122 1652 cognitione
1160 1556 1339 1644 felicioresq

292 1655 469 1742 evadant,
495 1656 628 1746 quique
646 1668 722 1727 tum
742 1654 1008 1747 observabunt,
1038 1679 1146 1748 quam
1165 1675 1273 1749 parum
1287 1651 1339 1742 ln⁴

289 1753 345 1826 his
372 1752 469 1823 rudis
493 1751 633 1828 versata
656 1751 776 1824 nostra
805 1751 983 1825 exstiterit
1009 1767 1109 1826 atas.
1161 1751 1339 1861 Quocirca

163 1903 168 1916 .
286 1847 569 1946 sapientissimam
594 1851 694 1942 juxta
720 1849 1053 1944 &benignissimam
1080 1849 1339 1946 suprerprpour

287 1946 417 2021 ditoris
452 1969 571 2018 curam
598 1947 679 2020 satis
708 1947 873 2020 venerari
907 1949 1121 2040 nequimus,
1156 1949 1248 2043 cujus
1274 1946 1339 2016 inst

288 2044 443 2118 effabilis
476 2045 648 2135 bonitas,
684 2047 744 2118 vel
775 2047 846 2119 hoc
881 2059 983 2118 certo
1015 2047 1179 2141 respectu
1210 2045 1339 2132 elucet*

285 2142 384 2238 quod
402 2143 438 2215 in
464 2139 540 2236 ipso
559 2143 665 2216 maris
684 2143 796 2216 fundo
810 2145 1037 2237 reperiantur
1060 2145 1238 2233 animalia,
1255 2139 1315 2236 pin·

283 2245 340 2316 nis
357 2240 580 2335 pedibusque
601 2241 649 2314 ita
671 2241 846 2334 adaptatis
869 2241 1060 2332 instratu,
1089 2235 1339 2317 utcommode

285 2340 376 2413 adeo
398 2338 447 2408 ibi
472 2339 601 2430 degere
627 2351 782 2429 queant,
806 2352 918 2430 prout
942 2362 1004 2431 ea,
1033 2342 1166 2434 quibus
1191 2341 1226 2413 iu
1249 2355 1317 2412 cou-

282 2438 424 2510 tinente
447 2433 564 2507 sedem
588 2434 687 2506 dedit
709 2449 847 2508 natura.

378 2571 692 2672 Quemadmodum
718 2573 761 2645 ab
781 2573 827 2644 O.
844 2572 1019 2646 Creatore
1044 2575 1267 2660 ordinatum,
1288 2581 1319 2642 ut

283 2692 361 2764 quae
379 2668 440 2742 sub
460 2683 644 2760 aquatore
661 2671 698 2743 in
716 2671 842 2760 terris,
866 2672 927 2756 ubi
948 2674 1110 2746 tenebrae
1129 2673 1239 2746 nosiu
1251 2671 1319 2742 den·

279 2767 431 2854 srffimae,
467 2766 652 2858 habitant,
684 2769 791 2839 etiam
823 2769 939 2841 lucem
968 2770 1187 2862 obtineant,
1221 2787 1320 2860 eoque

278 2864 431 2939 Insetia:
472 2863 635 2956 Cicadae,
671 2863 926 2956 Cantharides,
958 2865 1151 2959 Elateres,
1184 2863 1320 2940 Arbusta

276 2963 505 3058 phosphorea
533 2965 613 3034 luce
633 2963 742 3035 nodlu
768 2963 959 3055 irradiant,
991 2987 1037 3036 ne
1063 2969 1195 3060 loquar
1219 2959 1320 3058 Tigri·

276 3063 361 3135 dum
393 3061 679 3154 Serpentumque
714 3063 865 3151 oculos,
906 3063 956 3133 ia
985 3063 1096 3136 etiam
1129 3065 1164 3136 &
1192 3064 1269 3137 heic
1291 3061 1321 3131 in

274 3161 391 3237 fundo
424 3155 697 3251 profundiffimo
731 3159 874 3252 pelagi,
914 3182 1019 3251 quem
1054 3163 1122 3234 vix
1159 3162 1339 3256 attingere

274 3257 420 3351 possunt
444 3255 534 3330 radii
556 3253 709 3344 solares,
734 3279 876 3328 vermes
899 3257 1061 3350 plerique
1082 3261 1237 3352 propria
1254 3261 1322 3330 luce

274 3353 483 3447 splendent,
510 3369 640 3446 utpote
658 3354 816 3427 Nereides
834 3359 1015 3446 troslilurae,
1048 3357 1201 3447 Medusa
1221 3355 1339 3448 ·garia,J

275 3453 464 3528 Pennatnlae
488 3458 619 3524 trutina
641 3451 707 3523 &o
742 3451 804 3543 ipfi
831 3452 918 3523 licet
943 3454 1053 3542 coeci,
1088 3477 1167 3548 quo
1198 3456 1339 3544 reliqua¹

274 3550 463 3638 animalia,
497 3548 697 3640 &quidem
724 3571 786 3639 ea,
822 3549 950 3642 quibus
982 3549 1054 3642 ipsa
1080 3551 1122 3624 in
1152 3547 1325 3626 cibum&

273 3648 482 3720 alimentum
503 3645 654 3737 cedant,
680 3669 757 3721 non
783 3647 894 3718 modo
922 3648 1093 3740 videant,
1120 3649 1182 3722 sed
1199 3653 1231 3722 u
1247 3669 1324 3743 pra·

270 3757 455 3816 tereuntes
475 3743 584 3836 dapes
603 3745 879 3840 adjacentesque
897 3745 1142 3839 perspiciant,
1172 3743 1328 3840 alioquin

271 3843 368 3918 enim
389 3841 493 3915 &his
514 3841 642 3917 frustra
662 3843 762 3917 oculi
785 3841 896 3917 essent
916 3841 1082 3918 concelli.

1141 4033 1324 4114 COROL·
