2700 4780
398 201 486 292 sus
515 199 726 290 sonore.
1015 225 1087 323 uz
1169 244 1176 273 ,

15 385 183 463 foffione
205 395 337 458 terram
365 395 537 474 exerent,
568 381 638 456 illis
663 379 834 476 imposuit
854 392 1003 476 natura,
1032 384 1088 462 in.

17 481 322 579 que-mercedem
339 482 496 572 laboris,
522 481 644 554 cibum
662 479 733 554 illis
754 480 1006 559 exniberibus
1024 505 1087 577 pa.

19 583 139 657 ravit.
193 581 332 656 Omnes
355 581 475 657 herbe
504 577 572 654 suis
604 575 818 652 infestantur
840 577 1086 674 abihostibuq

21 681 91 756 vei
104 675 245 754 inseetis
260 678 417 754 velaiiis
437 675 677 764 animalibus,
699 676 873 768 queillos
887 673 1086 772 destruent,
1196 690 1199 712 ¹

23 801 76 852 ne
102 797 216 852 unum
240 797 352 873 genus
378 775 481 871 suprs
508 773 656 848 modurn
679 787 921 868 propagetur,
957 775 999 869 &¹
1016 779 1087 872 aliq

21 875 91 950 suo
114 874 246 969 vigore
263 875 476 968 priventuts
499 871 598 946 suum
621 892 714 946 vero
731 869 897 944 dominio
920 873 1010 966 ipsas
1030 900 1085 955 ra·

20 973 133 1048 dices
161 971 406 1064 succulentos,
448 969 699 1065 &plurimum
727 967 761 1044 se
787 965 1086 1068 multiplicantes,
1203 968 1206 980 '
1247 955 1257 976 ’

19 1084 160 1146 natura
186 1067 349 1163 subjecit
403 1069 516 1164 Alias
550 1081 745 1164 propterea
772 1067 1086 1164 commendantur,

22 1167 133 1262 quod
156 1168 311 1244 maxima
336 1168 422 1244 anni
451 1181 575 1278 parte,
605 1165 652 1238 ad
675 1164 884 1256 minimum,
918 1170 1088 1259 quamdiu
1121 1240 1124 1251 .

20 1279 129 1340 terra
159 1285 234 1340 non
267 1263 309 1340 stt
336 1265 420 1361 gelu
450 1263 640 1354 indurata,
680 1261 837 1356 seipsos
868 1261 1087 1364 sustentant,

19 1363 169 1439 scilicet
185 1362 351 1438 animalia
375 1361 456 1436 sunt
469 1361 533 1455 pol
561 1361 697 1472 phaga,
723 1358 854 1440 &non
875 1360 990 1436 solum
1009 1386 1087 1478 gre·

23 1460 212 1552 minibus,
244 1459 437 1539 sedetiam
465 1383 647 1534 raffiycmus
672 1457 857 1550 variisque
883 1459 1087 1554 quisquiliis

28 1573 141 1652 atque
164 1556 376 1652 rejetianeis
401 1556 618 1642 succulentis
638 1555 768 1632 nutriri
796 1553 961 1652 possunt,
989 1559 1087 1639 unde

26 1679 211 1752 pauperes
242 1654 433 1751 agricole,
474 1654 555 1729 aliis
584 1653 744 1728 destituti
776 1657 969 1749 jumentis,
1008 1657 1088 1736 sues

26 1757 124 1849 sepe
144 1755 256 1828 alunt.
305 1752 478 1826 Molestia
496 1767 616 1832 tamen
640 1753 743 1832 circa
757 1775 884 1830 eorum
908 1756 1089 1834 culturam

27 1853 219 1942 occurrit,
244 1849 342 1944 quod
362 1850 387 1922 ii
406 1849 547 1924 radices
564 1849 644 1924 suas
670 1849 897 1946 indagando,
922 1851 1087 1930 fertilissi-

26 1973 89 2028 ma
115 1962 351 2043 corrumpant
376 1963 496 2042 prata3
534 1946 665 2040 deiude
690 1947 788 2043 quod
816 1947 917 2040 sepes
943 1967 1087 2046 portas.
1113 2025 1115 2030 ,

30 2071 103 2144 que
127 2046 406 2142 sepimentorum
436 2045 620 2121 violenter
649 2043 899 2142 perfringunt,
930 2049 1023 2122 adeo
1045 2040 1089 2128 ui

27 2145 178 2237 rustici,
201 2166 329 2218 eorum
347 2143 482 2238 caussa,
508 2144 613 2239 egros
629 2139 710 2215 suos
728 2142 884 2237 fortiore
902 2143 1089 2224 includere

28 2246 233 2340 sepimeoto
261 2255 459 2338 cogentum
487 2256 662 2336 preterea
677 2239 768 2331 ‚sunt
795 2239 991 2334 immundi,
1022 2244 1086 2341 foet
1228 2309 1232 2320 ,

28 2355 152 2416 tentes
175 2355 283 2433 atque
304 2340 555 2434 inquinantes,
582 2360 691 2432 quare
716 2337 753 2412 in
772 2337 921 2426 urbibus
939 2339 973 2412 dr
993 2343 1089 2429 areis

29 2439 160 2514 odiosi.
212 2437 419 2512 Catesbaeus
435 2451 569 2528 narret.
592 2435 759 2510 colonias
775 2436 1022 2512 collocuturos
1045 2439 1089 2520 in
1224 2521 1227 2528 ,

30 2535 204 2614 America
225 2532 522 2628 septentrionali,
548 2532 625 2608 sues
645 2533 709 2607 nbi
731 2532 917 2625 acquirere
938 2535 1090 2622 coadioss

33 2633 135 2724 effe,
170 2633 232 2726 qui
263 2631 433 2710 Crotalus
470 2632 652 2706 devorent
680 2630 713 2706 dt
738 2629 956 2724 exstirpentr
996 2633 1089 2710 scitu

37 2751 187 2824 quoque-
202 2731 349 2826 dignum
375 2727 482 2820 silet,
510 2751 633 2823 annon
655 2728 733 2804 sues
761 2727 854 2822 apud
880 2751 950 2804 nos
974 2725 1088 2806 devoss

33 2842 116 2904 rent
145 2827 348 2923 serpentes,
382 2828 515 2920 veleb
544 2827 614 2902 illis
644 2823 845 2903 leuantur?
884 2827 972 2902 mihi
1005 2829 1089 2908 sane

30 2927 170 3002 nullum
185 2926 291 3018 huius
307 2925 361 2998 rei
381 2925 525 3018 constat
543 2920 760 3018 exemplum.
808 2923 941 3000 Pretet
962 2948 1087 3003 nume·

28 3039 132 3114 rata,
172 3043 396 3118 permagnus,
414 3023 525 3096 nobis
557 3023 595 3096 in
628 3019 861 3094 Oeconomia
894 3023 1088 3118 utilitates,

31 3123 227 3210 adserunt„
263 3119 302 3194 N
305 3121 464 3194 onnullae
484 3131 610 3216 gentes
624 3119 708 3194 illos
727 3117 772 3192 ad
783 3117 953 3196 Boletum
972 3123 1090 3218 cervi

27 3241 121 3296 num
137 3216 425 3314 investigandum
450 3217 640 3292 instruunt
689 3213 722 3290 E
743 3214 1091 3316 setisconficismtuq

27 3318 133 3392 varia
156 3337 289 3412 genera
312 3313 521 3409 scoparum,
539 3302 599 3406 ‘sad
618 3302 842 3412 purgandum
866 3330 999 3409 ceput,
1023 3339 1092 3390 ves
1229 3347 1231 3354 ⁴

26 3415 100 3490 stes
117 3411 329 3489 duaedificia.
380 3412 614 3503 Anatomici,
640 3433 713 3505 ope
734 3405 908 3503 setarum,
935 3413 972 3487 in
990 3413 1089 3505 sora,
1119 3431 1121 3436 ·

26 3514 130 3590 mina
157 3509 383 3584 &minimos
413 3513 557 3586 canales
587 3508 802 3602 inquiruntr.
835 3508 984 3584 Sutores
1016 3512 1089 3584 illis

22 3633 100 3708 pro
118 3607 224 3684 arista
239 3606 384 3682 filorum
405 3629 528 3682 carere
547 3619 744 3700 nequeunt.
783 3600 969 3686 Dentibus
980 3603 1089 3686 utun-

28 3723 91 3784 tur
108 3707 342 3784 deauratores
366 3705 411 3782 ed
434 3703 671 3804 levigandum
691 3701 873 3796 deaurata

979 3937 1089 4093 m
