2768 4768
411 247 813 400 emmunim
1058 285 1108 371 70
1234 399 1237 404 ,

37 453 201 532 Muscas
215 453 291 528 luci
312 454 487 550 exponit,
513 479 618 551 quam
635 458 696 552 qui
707 446 823 532 'liores
842 451 1108 626 speciosrllirffit

41 554 243 648 descripsit.
294 552 410 626 Immo
441 555 548 628 etiarn
575 557 670 631 inter
694 555 880 648 Principes
907 552 1038 624 Botani
1090 575 1107 652 ³.

44 655 172 728 locum
190 652 412 746 promeritus
430 652 482 726 est
504 653 694 741 Dillenius,
722 655 878 746 quinon
900 664 973 722 tam
998 671 1109 746 vege-

44 751 215 824 tabilium
240 749 437 842 rariorum,
465 763 502 823 at
520 749 722 824 mulcorum
747 751 919 823 viliorum
944 747 1109 824 habitum

36 847 203 921 sollicite
224 846 374 919 deterrit.
425 847 475 920 Et
493 869 706 942 quamquam
723 849 799 922 haec
815 846 1011 920 Botanices
1023 863 1108 940 para

32 947 81 1018 de
102 942 411 1040 Cryptogamistis
434 948 590 1039 primum
613 945 805 1020 videbatur
819 961 923 1018 -mere
950 943 1105 1036 curiosa,

28 1067 108 1118 nec
126 1043 207 1116 usui
224 1042 366 1116 cuidam
391 1043 610 1132 inserviens3
624 1043 748 1118 uisum
770 1057 891 1118 tamen
910 1041 984 1131 est,
1007 1041 1106 1137 post-

29 1163 150 1234 quam
179 1161 246 1212 eos
275 1139 423 1214 noscere
456 1153 662 1237 coeperunt,
697 1141 736 1216 in
764 1141 891 1215 iisdem
921 1139 999 1212 usus
1027 1139 1107 1214 dari

26 1237 313 1336 praestantiores
334 1237 367 1309 dr
385 1237 423 1312 in
446 1241 684 1326 oeconomjcis
700 1241 735 1312 de
753 1241 790 1312 in
808 1237 970 1312 medicis.
1090 1257 1094 1266 ·

136 1353 361 1409 orabamus
384 1336 423 1409 in
449 1339 724 1412 admirationem
750 1337 850 1410 orbis
876 1338 968 1408 hanc
994 1335 1104 1408 Bota-

27 1436 132 1511 nicae
148 1445 313 1528 partem,
338 1429 486 1508 Muscoe
509 1437 547 1508 in
567 1435 602 1508 se
621 1434 1002 1530 comprehendentem,
1023 1453 1106 1526 per-

30 1533 153 1623 fecit,
187 1525 333 1624 tamque
365 1531 547 1623 absolute,
582 1547 624 1606 ut
650 1536 748 1608 nulla
776 1522 952 1626 temporis
976 1529 1108 1607 vicilli«

31 1631 130 1704 tudo
147 1627 304 1702 Nomen
323 1630 400 1724 ejus
416 1631 602 1706 oblivioni
620 1631 763 1706 tradere
781 1629 906 1724 poffit3
930 1627 1004 1702 sive
1030 1628 1106 1700 col·

30 1723 240 1802 lectionem
261 1723 369 1820 ipsam
382 1729 571 1824 respicias,
596 1731 669 1802 five
685 1728 884 1803 Historiam
906 1729 1025 1820 quoad
1044 1721 1108 1798 de-
1136 1754 1139 1762 ¹

29 1827 276 1922 scriptionem
301 1823 446 1922 figuras,
472 1825 694 1921 synonyma,
720 1827 884 1900 locedio
926 1823 1106 1938 Quamvis

28 1947 134 1998 vero
159 1923 223 1996 ilic
250 1935 326 1996 non
349 1925 461 1998 modo
482 1940 586 1998 totus
603 1923 693 1998 esset
710 1925 749 1998 in
773 1925 982 2020 indagandis
1008 1925 1109 1998 hisce

29 2023 183 2096 deliciis
206 2019 300 2111 suin,
326 2021 384 2094 sed
403 2024 438 2095 de
460 2024 718 2097 commercium
743 2045 825 2096 cum
847 2021 1016 2095 omnibus
1031 2023 1107 2096 Bo-

29 2121 175 2196 tanicis
201 2120 319 2192 totius
344 2121 452 2194 facile
477 2121 635 2214 Europa
664 2117 850 2209 coluisset,
877 2133 999 2192 tamen
1029 2122 1108 2214 ipse

31 2219 189 2294 muscos
209 2239 333 2290 omnes
350 2219 463 2290 vivos
485 2239 634 2291 cernere
650 2240 727 2290 non
749 2217 883 2310 potuit.
937 2217 1110 2318 Quorum

34 2318 96 2391 illi
117 2315 254 2390 notitia
283 2313 447 2388 distincta
477 2315 613 2406 defuit,
647 2315 813 2410 inprimis
842 2313 917 2386 duo
940 2315 1104 2408 fuemnt,

30 2415 262 2511 Splacbmnn
276 2413 311 2485 bt
325 2413 549 2490 Buxbaumia
564 2415 711 2486 vocati:
734 2412 954 2506 Splacbnum
966 2413 1009 2485 ad
1024 2413 1110 2487 illu:

26 2515 104 2589 stre
124 2513 205 2587 hoc
217 2512 399 2586 theatrum
418 2535 494 2586 non
512 2513 634 2586 multis
651 2513 695 2585 ab
713 2511 799 2584 hinc
818 2511 922 2582 annis
939 2510 1105 2586 distinete

28 2613 300 2708 explanatumt
328 2631 574 2684 auxanumm·
588 2631 681 2682 vero
700 2607 876 2698 usquead
897 2609 993 2682 hunc
1007 2610 1103 2684 diem

27 2714 68 2785 in
92 2707 258 2783 obscuro
282 2707 409 2794 latuit3
446 2707 538 2784 adeo
557 2721 599 2780 ut
623 2707 707 2780 dum
731 2708 783 2780 N.
807 2705 858 2781 D.
883 2708 1031 2802 Preses,
1064 2711 1103 2783 in

26 2807 229 2904 speciebus
241 2803 310 2878 suis
323 2805 540 2898 plantarum,
561 2805 726 2902 cognitas
747 2801 854 2876 facile
871 2825 998 2878 omnes
1015 2829 1102 2880 enu-

29 2903 239 2982 meraverit
257 2901 396 2995 plantas
419 2925 534 2996 usque
555 2903 599 2974 ad
620 2902 791 2975 minimos
814 2899 978 2994 muscos,
1007 2901 1102 2978 Bux-

27 3001 182 3079 baurrria
197 2999 333 3097 agmi‘ni
349 3001 495 3074 illorum
511 3001 684 3074 accedere
701 3019 778 3073 non
793 2999 979 3093 potuerit3
1006 3023 1109 3076 curn·

24 3127 99 3198 que
126 3115 211 3182 tarn
232 3097 431 3182 scientifice
447 3100 481 3174 &
495 3111 630 3180 ‚ornate
652 3099 795 3193 plantas
815 3119 943 3172 omnes
968 3101 1103 3193 patriae

24 3199 225 3278 detexerit
242 3209 350 3291 atque
370 3199 553 3282 locaverit
563 3239 581 3289 5
602 3195 826 3274 Buxbaumia
842 3196 885 3277 in
901 3197 1110 3293 appendice

26 3301 72 3374 ad
85 3303 232 3376 floram
253 3294 440 3370 Suecicam
457 3297 590 3375 uenire
612 3296 805 3390 debuerit„
826 3297 960 3391 plantae
979 3300 1108 3400 instar,

25 3423 96 3473 nec
117 3396 170 3472 ad
198 3415 336 3488 genus,
360 3415 428 3468 nec
452 3395 617 3470 ordinem
640 3397 774 3490 relatae

133 3492 245 3568 Dum
270 3489 463 3566 audiumno
496 3492 726 3588 praeterlapso
758 3513 820 3570 rur
854 3491 1104 3591 proficiscerer

23 3596 181 3670 muscos
201 3587 343 3682 aliquot
353 3591 549 3686 colligendi
566 3592 696 3690 gratia,
706 3596 982 3763 ¹provenientes
993 3611 1110 3692 quana·

25 3697 75 3766 do
99 3692 190 3767 aliae
213 3707 340 3761 omncs
366 3689 500 3782 planta
516 3689 688 3764 ornatum
720 3707 804 3765 uum
827 3689 1036 3788 deponunt3
1063 3709 1109 3773 ιη’

26 3793 166 3864 notior
182 3785 279 3865 milti
292 3785 503 3862 redderetur
527 3787 588 3862 illa
605 3787 801 3864 Botanices
820 3807 925 3884 pars,
951 3808 1028 3885 qua
1050 3795 1106 3872 im·

27 3884 263 3962 nicatifflma
280 3883 454 3974 habetnr3
484 3887 701 3983 colligebam
724 3869 889 3964 distincte
910 3901 1104 3966 occurrens

29 3999 86 4063 tes
105 3981 291 4082 quosvis,
321 3993 363 4056 ut
378 3983 478 4070 domi
496 3986 651 4082 denique
668 3983 847 4062 Audores
864 3981 1107 4065 consulerem:

280 4129 309 4190 0
1057 4083 1103 4166 In
