2700 4780
133 189 144 212 .
231 167 302 246 472
597 145 685 224 sus
715 80 924 226 sonora

217 309 335 402 'Huic
349 309 497 417 tamen,
525 340 568 400 ut
589 329 626 402 in
642 330 764 404 multis
787 331 895 419 aliis,
915 329 1094 421 invento,
1119 337 1304 422 repugnat

235 424 492 520 intempestiva
518 427 618 524 vulgi
643 428 923 503 commiseratio.

687 639 722 730 s.
772 636 841 710 vr.
911 623 917 632 ’

219 845 224 858 ,
338 767 529 845 MORBIS
559 769 698 858 variis,
721 771 952 867 pinguedinis
975 765 1118 857 caussa,
1144 779 1309 840 vexatru
1347 777 1348 840 ἶ

194 867 197 876 ’
218 868 310 944 ,hoc
330 868 552 962 quadrupes;
577 868 714 969 iisdem*
729 870 806 943 sere
827 869 1047 964 pinguedine
1070 865 1307 940 abundantes

236 967 405 1041 homines
431 965 576 1058 subjeili
600 964 707 1059 sunt,
728 989 839 1061 quare
860 969 968 1041 etiam
988 965 1117 1061 paucis
1138 963 1232 1036 illos
1260 978 1301 1034 at·

235 1064 378 1162 tingere
406 1066 509 1138 volo.

338 1195 549 1273 SCABIES.
586 1198 815 1295 Prapingues
838 1201 948 1274 variis
969 1221 1041 1296 prae
1062 1196 1147 1271 aliis
1164 1217 1308 1296 uexau-

223 1309 299 1372 ·tur
324 1299 419 1374 cutis
444 1297 777 1386 exanthematibus3
808 1299 901 1371 idem
934 1299 971 1372 in
997 1297 1118 1371 suibus'
1150 1295 1307 1382 evenit3

238 1395 333 1491 apud
360 1417 428 1470 nos
448 1395 679 1490 plerumque,
706 1395 821 1468 scabie
849 1398 1017 1470 laborant
1041 1394 1217 1468 homines
1238 1394 1309 1465 ser·

237 1507 352 1568 vente
381 1493 523 1584 aestate,
558 1516 635 1585 quae
659 1492 788 1587 sponte
817 1494 940 1568 versus
970 1495 1139 1589 hyemem
1171 1491 1308 1578 celsat;

236 1591 642 1665 Australioresucalidi
659 1593 759 1665 orbis
772 1594 897 1688 populi
916 1593 1048 1682 scabie,
1068 1613 1141 1685 prae
1160 1589 1308 1684 septen·

224 1688 479 1775 ·trioualibus,
516 1689 628 1782 magis
656 1689 835 1764 laborant.
892 1690 1011 1763 Valde
1040 1687 1305 1783 periculosum,

225 1786 352 1858 simmo
378 1783 509 1858 summe
534 1787 684 1860 noxium
710 1787 785 1878 est,
810 1789 911 1861 lardo
941 1787 1073 1875 Suum,
1097 1787 1220 1860 scabie
1251 1787 1306 1858 in-

239 1882 440 1969 scslorum,
465 1884 560 1956 vesci
571 1908 583 1981 3
610 1888 811 1978 exemplum
829 1888 925 1960 enim
942 1886 1116 1959 babemus
1132 1886 1172 1965 in
1191 1883 1306 1956 sidua

226 1981 490 2077 pauperrima,
525 2005 603 2076 quae
635 2005 716 2056 curn
742 1981 827 2056 filiis
853 1983 921 2057 suis
954 1984 1142 2074 Scrofam,
1183 1981 1304 2082 scabie

241 2075 469 2167 confodiam,
517 2077 620 2172 quarn
654 2081 927 2175 maslaucrant,
980 2081 1158 2176 elitabat,
1206 2079 1305 2154 unde

242 2197 371 2250 omnes
395 2177 433 2250 in
458 2179 592 2270 lepram
619 2179 835 2254 inciderunt.

226 2311 231 2324 '
341 2314 581 2390 PEDICULI
605 2317 638 2388 dr
662 2317 795 2390 scabies
818 2316 943 2410 sapius
966 2318 1204 2394 comitantur.
1238 2317 1293 2392 lu·

243 2417 363 2492 fantes
380 2413 609 2487 succtrlentos
624 2417 833 2508 plerumque
851 2415 1021 2492 infestant
1033 2417 1212 2509 pediculi,
1232 2416 1287 2488 sc·

245 2535 325 2586 cam
346 2533 439 2585 vero
462 2510 606 2604 fugiunt
624 2511 849 2586 seneiiutem.
903 2514 970 2586 His
989 2514 1130 2588 morbis
1156 2515 1287 2588 meden-

227 2623 304 2694 ¹tur
325 2609 513 2704 agricolae,
537 2612 597 2681 vel
616 2625 801 2706 unguento
826 2611 1061 2702 Mercuriali,
1086 2612 1122 2684 u
1146 2611 1293 2688 decoilo

242 2707 336 2782 Ledi
351 2707 393 2788 ⁴&
413 2703 645 2797 Lycopodii,
671 2709 732 2780 vel
758 2709 865 2782 etiam
885 2709 948 2782 has
974 2709 1166 2786 herbesio
1193 2711 1299 2785 Suum

242 2813 390 2898 ponunt
414 2801 605 2872 cubilibus.

345 2928 624 3004 SCROFULAE
641 2931 810 3010 dicuntur
825 2935 996 3032 medicis,
1021 2941 1105 3014 dum
1125 2941 1299 3037 glandulae

243 3027 339 3106 fiunt
370 3026 565 3119 inferus,
595 3053 801 3128 nomenque
835 3038 879 3109 ab
900 3037 983 3109 ‘hoc
1022 3041 1301 3113 commodarunt

245 3125 403 3201 animali.
447 3125 705 3203 uenerantur
742 3133 780 3205 in
813 3156 939 3206 eorum
972 3137 1074 3209 lardo
1113 3140 1300 3210 tubercula

245 3222 356 3298 instar
381 3223 561 3311 lendium,
587 3227 777 3318 prasertim
808 3231 951 3324 quaudo
979 3233 1144 3308 farinosrs
1177 3235 1299 3308 inclusi

245 3322 461 3417 saginantur.
519 3324 617 3426 Quid
645 3327 827 3420 vulgarius
857 3327 908 3402 est
936 3329 973 3404 in
996 3333 1127 3426 gulosis
1160 3334 1297 3426 pueris,

233 3419 306 3512 ·qui
329 3421 407 3510 plus
435 3419 576 3492 sumunt
599 3423 781 3512 alimenti,
808 3449 911 3518 quarn
934 3429 977 3500 ad
995 3431 1164 3522 corporis
1182 3432 1296 3524 requi·

242 3519 336 3590 ritur
356 3515 669 3608 sustentationem,
696 3544 799 3612 quam
815 3524 911 3616 quod
933 3526 1108 3620 glandula
1131 3529 1220 3602 colli
1245 3530 1295 3602 in·

243 3612 443 3687 tumescant
468 3615 501 3685 ἃ
526 3613 615 3689 liant
639 3617 824 3694 insarslae?
848 3623 908 3715 qui
932 3624 1079 3698 morbus
1108 3625 1292 3700 difficulter

241 3711 317 3786 fine
338 3731 441 3784 motu
471 3712 631 3804 satiatur,
666 3730 773 3807 atque
799 3719 1013 3813 potissimum
1036 3722 1071 3796 se
1095 3723 1286 3818 exscribi

242 3805 377 3885 nunus
395 3811 576 3888 devorent
599 3813 745 3907 crudos,
771 3830 911 3911 atque,
926 3823 1147 3899 autumno&
1165 3822 1290 3908 hieme,

1174 3917 1290 3997 inunt
