2704 4776
299 225 525 309 suranus
554 193 882 312 sumntum.
1045 251 1116 332 us

42 407 263 498 intestinis,
292 411 474 508 precipue
500 413 580 488 sunt
602 411 815 490 familiares:
844 411 1000 488 rariores
1021 433 1115 488 vero

46 505 158 604 apud
178 505 345 602 adultos,
370 511 544 607 imprimis
570 509 796 610 laboriosos,
825 510 989 601 devino,
1019 511 1116 584 allia·

51 629 136 680 cars
154 605 361 680 acrioribus
385 629 428 682 ac
445 607 651 683 durioribus
672 602 899 704 indulgentes
916 608 1022 682 cibis.
1052 607 1116 683 Est

48 703 157 776 enirn
184 711 301 776 vinam
328 711 432 798 quam
460 707 614 783 maxime
645 707 831 783 inimicum
856 705 1115 794 lumbricis;fi

44 801 156 875 enim
184 801 392 876 effundatur
408 799 446 876 in
465 817 618 898 terram,
645 825 749 897 quam
772 805 996 890 inhabitant,
1020 825 1114 877 eca-
1242 861 1249 872 .

40 899 185 972 vernis
215 897 283 972 suis
309 914 511 994 prorepunt
533 903 566 973 &
588 889 742 1000 fugiunt.
792 900 886 976 Rulli
911 896 945 974 u
966 900 1132 990 Turcae,'

38 997 115 1088 qui
143 997 255 1070 Allir's
279 998 410 1070 mirum
439 1012 610 1090 quantum
638 997 879 1090 delectantur,
906 999 1045 1073 &cum
1069 999 1114 1071 lt-

38 1093 156 1168 beris
188 1093 258 1168 suis
285 1091 388 1168 hasce
420 1095 566 1170 delicias
598 1097 891 1186 normanicam,
928 1097 1114 1171 vermibus

38 1191 173 1264 rarius
205 1190 427 1282 infestantur.
479 1193 645 1272 Creditur
666 1196 777 1289 vulgo
793 1199 986 1270 Saccumum
1006 1213 1113 1290 gene·

39 1289 195 1362 rationi
220 1290 396 1364 vermium
424 1291 569 1380 favere,
599 1293 697 1386 quod
724 1305 874 1382 tamen,
896 1289 986 1364 teste
1004 1296 1112 1385 'expe-

43 1385 214 1478 rientia,
229 1386 277 1470 ,in
301 1387 496 1462 lumbricos
521 1371 715 1464 terrestre?
733 1382 904 1484 sparsum,
937 1396 1001 1462 ebt
1025 1401 1114 1466 moli

46 1495 177 1556 necat.
230 1484 542 1600 Quemadmodum
564 1490 636 1581 jam
659 1505 802 1560 vermes
826 1499 964 1559 eterra
988 1501 1112 1580 prore·

44 1593 188 1676 pentes
210 1583 378 1676 agiliores
404 1581 498 1656 fiunt
520 1585 554 1657 dt
574 1585 636 1658 sibi
659 1585 771 1680 magis
798 1583 1022 1678 prospiciunt
1049 1580 1113 1658 sub

42 1673 207 1772 pluvia,
239 1681 404 1771 nebulis,
432 1683 602 1776 pmcellis
629 1681 664 1756 dr
694 1695 886 1756 autumno:
924 1682 974 1754 ita
1002 1681 1112 1756 etiam

42 1777 151 1849 intra
177 1797 312 1872 corpus
335 1779 529 1854 humanum
554 1779 794 1856 nutritoribus
824 1779 894 1852 suis
919 1780 1109 1875 majorem,
1250 1769 1255 1788 '

42 1873 113 1947 ubi
152 1895 200 1947 ea
235 1873 287 1964 ost
320 1874 537 1968 tempestas,
573 1894 699 1968 creant
731 1877 958 1969 molestiam,
1004 1897 1110 1971 quam

42 1973 122 2044 alia
142 1963 201 2062 ').
251 1971 451 2046 Maximam
477 1995 568 2048 vero
598 1975 694 2049 circa
718 1957 911 2049 novilunia
938 1975 972 2048 u
996 1973 1110 2068 pleni·
1210 1984 1213 1995 '

40 2067 155 2142 lunia
182 2071 332 2164 corpori
358 2070 516 2144 humano
547 2073 709 2146 inserunt
731 2071 828 2164 vim,
863 2071 955 2146 adro
985 2085 1028 2145 at
1056 2071 1109 2146 in·

43 2167 191 2242 stantes
214 2166 450 2264 paroxysmos
475 2169 511 2242 in
535 2170 755 2260 infantibus,
780 2169 965 2242 vermibus
990 2167 1108 2264 gravi,-

46 2264 134 2356 dis,
156 2265 254 2340 haud
270 2287 355 2340 raro
378 2265 561 2362 presagire
593 2265 770 2360 pulsamus.
819 2266 994 2361 Arboridrs
1019 2285 1108 2342 con·

46 2363 158 2436 tinua
181 2364 243 2438 sua
264 2363 473 2458 reptatione
495 2365 688 2438 &rosione
706 2364 744 2438 in
766 2361 944 2442 intestinis
969 2361 1108 2438 crassio-

42 2461 177 2552 ribus,
211 2481 254 2534 ac
276 2461 377 2535 reslo
406 2461 603 2556 imprimis,
636 2483 712 2536 non
743 2461 927 2536 minimam
956 2460 1108 2554 corpori

42 2557 204 2654 pariunt
222 2557 434 2634 molestiam.
481 2561 654 2634 Lambriri
670 2559 803 2632 aculeis
829 2558 898 2632 suis
922 2556 1108 2636 reclinatis

43 2657 86 2730 in
117 2655 303 2730 intestinis
323 2655 506 2730 sursum&
529 2656 693 2732 deorsum
713 2657 909 2730 volventes
932 2655 1107 2736 membra·

46 2776 117 2828 nas
147 2775 277 2827 eorum
306 2754 497 2828 admodum
533 2755 671 2830 sensiles
707 2766 895 2849 pungunt,
931 2754 1106 2844 lacerant,

47 2851 167 2926 immo
199 2850 273 2946 ipsa
298 2851 393 2925 haud
418 2871 501 2926 raro
525 2852 712 2946 persorant
744 2851 924 2926 intestina.
995 2850 1109 2926 Tanta

43 2969 220 3048 magnam
242 2962 385 3042 partem
410 2949 661 3046 alimentorum
688 2947 890 3040 consumit,
919 2949 1107 3041 &equor

40 3049 107 3124 vis
127 3047 288 3120 artimtlo
304 3049 476 3143 exiguum
500 3047 634 3121 emittit
653 3068 890 3135 mucronem,
916 3069 998 3120 cum
1017 3065 1106 3138 quo,

37 3166 162 3240 quam
194 3143 348 3236 primum
377 3145 411 3220 se
438 3145 619 3232 moverit,
655 3145 813 3230 tunicam
851 3143 1106 3222 intestinorum

40 3263 230 3319 nerveam
257 3241 523 3330 vellicando&
545 3241 733 3332 rodendo,
766 3240 947 3316 horrenda
962 3237 1107 3318 excitat

37 3340 306 3436 symptomata.
337 3339 387 3416 Et
402 3341 465 3423 tali
484 3339 627 3424 ratione
642 3359 784 3430 vermes
797 3359 872 3419 noa
891 3337 1004 3422 solum
1025 3337 1104 3410 Tam

39 3447 159 3526 mon,
190 3437 432 3532 convmstmes,
459 3437 677 3534 Epilepstam‚
703 3439 882 3528 Bulirnum,
907 3435 1105 3526 Amantiam,

38 3535 593 3628 LmuomhpnmdDiarrboeam,
617 3557 745 3632 verum
769 3533 876 3614 etiam
902 3533 1104 3630 Hystericam,

39 3635 294 3726 Cardlalgimn,
318 3631 632 3802 Hypoclmdriapn,
659 3633 778 3719 Febres
798 3627 1013 3722 &l'excenta
1036 3628 1106 3704 alit

612 3753 637 3822 4
1043 3748 1104 3800 ex·

39 3866 273 3891 m

81 3931 127 4018 ⁵)
143 3935 262 4021 norm
282 3937 463 4052 stu-Mea
472 3939 575 4014 uon.
583 3935 638 4014 tv.
659 3959 728 4024 ru·
740 3949 792 4024 aa
