2630 4776
306 255 377 348 176
512 215 842 325 annonarum
870 246 1135 329 suacrcum.

299 399 530 520 mentonrm,
555 367 739 523 aramum,
764 453 930 528 agrorum
957 434 1185 527 &pratorum
1208 427 1281 512 caull

300 527 494 626 prasertim
520 527 596 600 ubi·
614 530 764 622 vulgus,
796 546 836 603 ua
863 531 956 625 apud
980 531 1168 621 nostrates,
1191 530 1281 626 agrici

301 643 417 700 turam
436 626 599 699 &vitam
620 629 844 720 pastoritiam
859 630 1073 723 peculiarem
1093 628 1151 702 fibi
1168 627 1281 712 vindica

300 726 400 800 Hinc
434 745 513 796 cunr
545 724 710 806 homines
738 731 841 801 durrus
866 725 1027 800 &uillas
1055 728 1091 800 in
1116 725 1241 798 desertis
1262 739 1281 896 ep

297 823 458 914 struant,
491 823 637 895 arbores
668 825 777 896 etiam
810 826 922 921 magis
956 827 1133 920 magisque
1159 822 1281 916 exstirpa

295 921 428 995 solent.
479 920 654 994 Praeterea
673 921 716 994 ad
734 922 1027 1018 depauperandas
1044 923 1142 1006 salvas
1162 921 1194 993 id
1212 913 1281 996 relei

300 1018 430 1108 debet,
458 1018 555 1111 quod
577 1021 747 1112 pleraque
769 1021 892 1095 nostra
914 1025 1092 1108 domicilia,
1113 1037 1230 1116 portu,
1240 1019 1279 1114 sep

297 1131 407 1191 meatu
423 1118 517 1190 circa
542 1136 669 1212 agros,
693 1120 845 1211 prata&
869 1119 1016 1212 pascua,
1043 1139 1115 1214 non
1135 1117 1199 1191 sme
1217 1122 1277 1210 pern

235 1291 239 1300 ,
294 1214 396 1288 uiola
420 1216 585 1287 filuarum
601 1214 758 1307 jactura,
785 1218 892 1312 lignis
913 1209 1088 1312 contexta
1101 1215 1180 1304 imt3
1205 1229 1246 1300 ut,

216 1399 224 1412 ,
292 1316 408 1386 bores
426 1314 451 1386 sr
466 1311 547 1406 post
561 1313 627 1384 hac
648 1325 749 1393 tanta
769 1315 1130 1403 licentiadaluxuria,
1154 1311 1200 1386 uti
1216 1323 1279 1383 antu

298 1411 524 1500 sternantur,
549 1433 618 1482 nec
641 1427 739 1503 arte,
766 1435 884 1506 neque
905 1411 1137 1502 curaullius,
1160 1408 1256 1483 restitu

293 1521 377 1600 tur,
408 1507 568 1604 posteri,
600 1515 679 1604 jure
709 1510 940 1604 meritoque,
973 1511 1192 1604 depravatam
1216 1527 1261 1599 per

295 1619 443 1700 tamque
473 1607 673 1698 majoribus
701 1609 884 1702 objectare
905 1622 1041 1712 queant
1060 1605 1238 1683 aeconomia
1255 1605 1281 1680 d

293 1703 448 1806 tionem.

756 1811 788 1899 §.
837 1803 885 1878 ll.

291 1939 299 1950 ·
393 1898 573 1975 Omnibus
603 1901 712 1976 etiam
741 1903 813 1977 ime
837 1902 950 1976 dubio
980 1915 1107 1976 notum
1135 1898 1198 1994 est,
1220 1911 1269 1986 <111⁰

295 1999 693 2094 pradia-poffidentes,
730 2000 863 2073 nimios
899 2000 961 2073 fibi
996 1999 1117 2094 sapius
1151 1991 1256 2088 efflagit

294 2097 450 2181 frustum
475 2097 540 2194 ista
563 2099 706 2191 quidem
723 2099 858 2193 cupido
880 2097 1083 2189 interdurn,
1106 2093 1194 2192 quod
1211 2089 1281 2170 dolel

294 2195 474 2285 domest,
503 2219 569 2290 per
597 2197 787 2270 avaritiam
811 2198 882 2269 late
904 2194 975 2268 sese
998 2195 1157 2285 diffudit,
1181 2202 1216 2262 ut
1233 2185 1281 2278 ligni

293 2295 422 2385 majori
442 2295 664 2386 quantitate,
689 2317 793 2387 quam
811 2317 875 2388 par
891 2292 971 2384 est„
985 2296 1116 2367 exteris
1129 2279 1281 2364 vendantur

224 2389 235 2416 ⁴
295 2393 329 2463 δι
347 2390 473 2462 afferes
499 2391 541 2462 ad
562 2395 751 2488 peregrina
774 2404 1014 2484 exportentur
1038 2389 1177 2467 littorat'
1199 2385 1236 2460 fic
1251 2380 1281 2454 Pl

295 2489 466 2581 coquitur
491 2489 685 2582 liquida&
710 2489 905 2586 inspiffata,
940 2512 1010 2563 nec
1034 2513 1106 2566 non
1126 2484 1281 2561 fabricant

289 2591 426 2660 Cineres
454 2592 638 2676 clavellati,
677 2591 736 2683 qui
772 2612 837 2684 per
867 2589 1069 2668 universam
1102 2579 1281 2659 divendunil

292 2681 501 2778 Europam:
526 2683 698 2776 ¹Rusticus
725 2688 833 2776 item,
860 2688 950 2760 lucri
975 2687 1110 2782 gratia,
1138 2659 1281 2758 tartensi

293 2781 413 2879 ligna,
443 2795 484 2856 ut
515 2781 669 2858 officinis
696 2801 819 2879 parata
853 2785 1016 2882 habeat,
1036 2783 1198 2880 exstirpat
1220 2751 1281 2850 mil

293 2903 369 2958 mas
388 2881 559 2973 arbores,
588 2904 635 2956 ne
657 2884 827 2960 reticeam
852 2886 983 2984 largam
1012 2889 1106 2962 illam
1133 2877 1281 2979 portionet

289 2979 493 3074 lignorum,
519 3001 617 3079 quae,
646 2994 812 3078 tempore
831 2987 1003 3077 hiemali,
1032 2988 1070 3062 in
1093 2981 1182 3058 focis
1203 2965 1281 3082 nollil

291 3076 529 3186 eonsumitur:
554 3083 750 3180 Denique,
780 3074 1000 3158 detestabilis
1022 3076 1203 3158 destillatio
1225 3071 1276 3163 sp

289 3193 344 3255 tut
365 3178 546 3273 frunienti,
572 3206 672 3276 quae,
697 3183 792 3257 haud
811 3183 863 3256 ita
882 3182 1037 3275 pridem,
1063 3171 1269 3256 selicillrmeo

289 3277 507 3362 dormiscere
523 3282 660 3374 'coepit,
684 3281 720 3353 da
741 3282 820 3374 jure
846 3296 971 3373 optem
997 3295 1173 3372 nunquam
1195 3255 1269 3376 sssis

187 3437 199 3460 .
288 3388 410 3468 tetur,
437 3380 574 3473 lignum
605 3378 723 3450 carius
748 3377 915 3451 reddidit.
967 3381 1034 3453 Res
1054 3396 1144 3450 vero
1164 3365 1270 3470 metalla

289 3497 367 3566 quae
397 3475 776 3570 indies-detegtmtur,
813 3498 855 3549 ac
883 3479 1111 3550 metallorum
1141 3469 1266 3566 liquatto

187 3657 193 3681 ι
288 3574 605 3668 praeparationeve
625 3585 872 3666 occupantur,
895 3574 992 3648 *haud
1010 3567 1186 3646 immerito
1203 3559 1271 3642 uer

288 3670 394 3743 blicae
415 3669 610 3746 maximum
638 3671 807 3744 adferunt
829 3673 989 3758 lucrum,
1013 3685 1176 3743 necnon
1199 3655 1259 3730 firm

289 3769 545 3861 robustamque
568 3790 647 3842 eam
669 3768 846 3860 reddunt,
871 3793 891 3842 e
913 3769 1042 3862 quibus
1059 3759 1185 3840 verofi
1203 3743 1281 3910 [mal

290 3865 480 3960 percipere
504 3866 678 3957 velimus,
704 3865 883 3941 necellum
899 3866 985 3940 ellet
1002 3881 1181 4038 magnam,
1203 3841 1281 3940 &s1

293 3960 530 4060 indefessam,
568 3963 730 4040 adhiberi
766 3987 915 4060 curam,
956 3985 1028 4062 qua
1085 3953 1281 4123 Mancini}
