2630 4776
200 267 608 360 EXANTHEMATA
638 271 782 352 VIVA.
957 289 1028 366 105

17 461 136 540 lorino
149 455 246 531 haud
265 451 410 528 difficile
429 473 595 528 emanare
611 449 741 546 potest.
793 455 916 558 Quare
930 475 1029 532 vero

22 555 201 651 nonbpius
224 552 317 628 idern
341 562 511 645 repetant
528 569 683 642 corpus,
707 550 927 644 eandemque
947 554 1029 628 vio·

28 661 121 730 lentat
141 674 218 728 non
243 661 438 724 exerceant
460 647 721 735 oeconomiam,
744 647 794 722 est
820 649 914 726 inter
935 651 1030 745 pha·

29 773 144 828 mama
157 747 340 835 miranda,
364 767 442 840 que
459 742 576 817 oculis
593 741 747 836 nostris,
774 767 851 820 non
869 767 961 822 vero
975 769 1031 823 ra·

24 851 107 934 noni,
128 859 264 942 patent.
314 841 371 916 Ut
387 841 547 916 nutrices
564 839 729 916 Variolis
751 858 855 918 antea
874 857 1029 941 vexate,

19 947 143 1018 infantes
161 947 234 1036 jam
250 939 414 1016 Variolis
433 939 638 1014 laborantes
655 937 807 1014 tractent
823 939 1031 1018 &mammis

17 1043 68 1114 suis
86 1042 314 1130 admoveant,
338 1037 400 1112 ubi
419 1055 491 1111 una
512 1036 571 1108 vel
593 1037 704 1109 altera
728 1040 886 1130 macula,
913 1041 949 1114 in
970 1041 1032 1116 iis·

17 1141 79 1210 dem
104 1137 344 1226 efflorescens,
378 1131 763 1228 contagiom‘prodit,
791 1134 853 1210 usu
888 1138 1032 1232 quidem

18 1233 87 1328 sape
100 1236 239 1308 evenit:
261 1234 335 1306 hoc
346 1253 459 1320 vero,
484 1231 582 1304 omni
600 1229 742 1324 prorsus
756 1232 794 1304 vi
808 1231 1031 1330 destitutum,

19 1355 54 1404 ne
72 1333 183 1406 febrim
208 1329 353 1424 quidem
378 1325 538 1402 excitare
560 1329 671 1400 valet
721 1327 922 1407 Difficultas
945 1333 1034 1410 licet

21 1429 116 1504 iotam
134 1429 353 1522 ancipitibus
376 1424 535 1512 morbis,
562 1427 805 1500 accuratiores
824 1425 1033 1506 instituendi

26 1524 282 1616 observationes,
308 1544 467 1616 aqueae
488 1519 633 1596 affumta
657 1521 886 1600 Medicorum
917 1527 965 1618 hy
994 1551 1034 1602 o·

24 1623 119 1712 eleis,
149 1624 195 1698 de
217 1621 444 1718 generalibus
472 1617 633 1692 omnium
657 1621 867 1701 morborum
895 1551 1033 1718 cauffis,

21 1721 150 1810 masnili
168 1721 205 1794 in
227 1717 332 1794 malla
349 1715 539 1814 sanguinea
563 1715 778 1811 depravata,
805 1721 867 1796 alii
886 1722 923 1796 in
938 1725 1034 1800 malo

21 1817 49 1888 in
65 1825 132 1890 aare
153 1815 462 1912 praedominante,
494 1811 563 1887 sese
590 1813 757 1908 reperiffe
790 1831 1034 1914 autumarent,

23 1915 94 2004 quod
114 1937 154 1988 ex
178 1937 254 1988 una
281 1913 319 1988 in
341 1914 489 1996 alteram
510 1910 718 2006 regionem,
745 1935 817 2008 quo
839 1931 954 1991 vento
976 1919 1035 1994 ad·

21 2011 191 2105 volaverit,
219 2010 418 2098 nescimus,
447 2007 647 2098 obstiterit,
670 2013 880 2102 quominus
901 2015 955 2090 hae
980 2016 1036 2089 vi-

24 2121 125 2181 rentes
139 2110 304 2184 omnium
322 2107 532 2182 morborum
552 2105 922 2186 exanthematicorum
939 2111 1036 2188 cauf-

24 2201 80 2292 le,
94 2227 155 2282 non
172 2209 259 2280 dum
284 2206 352 2281 smt
372 2201 538 2278 detecta:
565 2205 808 2279 accuratiores
828 2217 949 2280 tamen
971 2229 1038 2302 po-

26 2298 113 2374 steros
124 2303 190 2378 bac
206 2303 421 2378 animalcula
436 2301 554 2374 multo
573 2297 852 2393 reprehensuros
866 2301 1038 2380 artificio·
1125 2385 1130 2401 ,

25 2395 109 2484 lion,
129 2423 233 2496 quam
255 2421 325 2475 nos
346 2399 408 2472 vel
434 2395 737 2488 existimavimus,
774 2401 835 2474 vel
859 2401 1037 2482 extricare

24 2493 75 2568 aui
95 2496 240 2590 luimus,
277 2495 453 2590 paulisper
474 2493 646 2586 affirmare
669 2495 862 2586 audemus3
893 2497 1038 2576 firmilli-

23 2595 159 2671 manaim
174 2596 248 2670 stat
267 2593 462 2670 untenna:
483 2609 603 2668 amara
624 2595 742 2670 meliti
762 2601 865 2690 magis
879 2595 1036 2694 perfetio,

23 2687 158 2788 mllcbsa
181 2699 309 2788 magis,
332 2715 424 2789 quma
445 2697 482 2766 ia
502 2694 653 2765 minimis.

92 2789 156 2865 Has
169 2791 438 2886 qualescunque
451 2787 715 2862 delineationes
731 2787 897 2866 ulteriori
912 2791 1039 2888 disqui-

26 2877 112 2960 irioni
126 2888 226 2963 Μ..
245 2885 419 2982 subjicere
442 2885 556 2972 velit,
580 2899 621 2958 ut
640 2886 711 2960 via
730 2883 900 2965 hactenus
914 2911 936 2966 a
952 2913 1038 2988 pau·

25 2974 63 3050 cir
76 2984 156 3062 trita
178 2985 415 3084 detegmbu,
437 2979 626 3060 novillime
646 3003 829 3080 rogamus.
