2768 4768
393 234 559 316 troam
589 229 825 330 tunsum,
1095 253 1137 310 ιι

79 417 167 496 faeti
185 416 399 507 discubitum
417 429 516 491 eunt.
570 413 636 486 Cui
658 425 762 486 tanto
779 411 877 486 malo
896 411 1034 505 optime
1052 431 1140 486 con·

84 517 209 592 fultum
229 516 349 608 foret,
377 518 485 610 srpro
500 511 644 610 lingulis
663 512 818 584 nauibus
831 521 951 584 certus
966 521 1141 586 'numerus

86 615 287 690 tunicarum
312 615 599 706 indusrarumque
622 621 829 703 pararetur,
854 620 897 680 ut
919 603 1028 698 effet,
1051 617 1140 700 qun,

11 753 17 768 ·
80 712 277 806 affigas,
313 712 347 784 dt
374 709 701 794 humediationem,
735 704 940 796 arsames,
976 705 1140 799 inprimis‘

77 831 163 886 cum
189 810 329 884 morbis
348 809 623 898 afflidbarentur,
648 813 772 880 arcere
796 801 914 879 miseri
935 805 1114 880 valerent.

514 1025 550 1118 ς.
599 1013 705 1096 Vnt.
780 996 783 1004 ’
886 969 890 976 ’

179 1163 316 1237 Utrum
337 1161 422 1252 hic,
448 1158 493 1232 de
522 1181 596 1252 quo
624 1157 842 1248 disserimus,
867 1160 1016 1234 morbus
1045 1159 1142 1238 inter

76 1260 315 1358 contagiosus
330 1258 457 1333 referri
470 1257 605 1334 merito
619 1255 747 1351 poffit,
773 1255 853 1330 aliis
870 1255 1143 1350 dijudicandum

76 1361 263 1453 relinquo.
313 1358 410 1432 Fieri
431 1355 539 1429 facile
561 1354 703 1449 potest,
731 1368 773 1428 ut
790 1377 836 1430 ex
853 1353 1025 1430 contuitu
1043 1358 1142 1432 luem
1173 1411 1177 1418 -

78 1452 299 1532 contraxiss‘e
317 1456 342 1528 ii
358 1454 628 1543 existimentur,
655 1454 716 1545 qui
733 1453 771 1526 in
787 1451 918 1528 eodem
934 1454 1047 1546 loco,
1072 1455 1140 1530 eis·
1170 1545 1172 1548 ¹

77 1556 163 1630 dem
183 1554 438 1628 communibus
458 1549 602 1640 cauffis,
626 1549 722 1624 unde
735 1549 867 1626 vitium
881 1549 1042 1626 sanitatis
1055 1573 1142 1648 pror
1180 1624 1184 1632 ,

75 1655 257 1748 pullulat,
286 1651 424 1726 fuerint
449 1648 614 1743 expositi.
663 1647 889 1723 Diffimulare
914 1661 1034 1723 tamen
1062 1672 1140 1726 non

75 1750 208 1841 decet,
233 1749 427 1846 praesertim
446 1748 485 1821 in
501 1745 632 1820 ardore
647 1744 803 1838 astatis,
815 1769 910 1821 eum
930 1746 1043 1822 febris
1064 1771 1139 1822 ma,

74 1851 215 1944 lignior
240 1847 386 1939 evadit,
412 1843 661 1942 petecbiisque
686 1843 898 1935 efflorescit,
924 1844 1021 1920 illius
1050 1859 1142 1922 tuno

75 1948 361 2035 exanthemata,
400 1963 628 2018 communem
665 1944 958 2018 exanthematum
995 1942 1141 2020 servaro

72 2060 264 2132 naturam3
290 2065 399 2136 quare
426 2043 533 2116 etiam
560 2043 669 2136 longe
693 2039 910 2116 utilissimum
936 2041 1136 2136 censemus,

73 2159 119 2217 ut
150 2141 349 2240 graviffime
384 2140 548 2241 inprimis
582 2137 860 2232 febricitantes,
898 2161 919 2212 a
949 2139 1145 2249 consortio(

75 2239 245 2316 sanorum
279 2251 559 2330 removeantur,
590 2237 654 2311 vel
684 2235 829 2329 saltem,
865 2237 986 2313 neiis
1015 2238 1145 2321 cibum,

76 2359 212 2433 capere
234 2338 367 2412 ibidem
387 2337 461 2410 loci
484 2334 733 2430 permittatur,
757 2334 821 2410 ubi
843 2348 1059 2430 egrotantes
1074 2337 1138 2414 de·
1182 2355 1186 2370 ·

71 2437 266 2512 cumbunt.
316 2435 353 2508 Si
371 2433 457 2530 quid
474 2433 572 2508 enim
590 2433 789 2526 contagiost
807 2432 918 2525 adiit,
942 2456 1024 2514 cum
1048 2435 1134 2512 cibo

69 2533 233 2610 &saliva
243 2571 258 2626 ,·
279 2531 316 2606 id
329 2532 422 2608 haud
437 2553 541 2605 mora
555 2529 764 2626 deglutitur,
787 2531 1033 2630 impetumque
1046 2557 1135 2612 mort

67 2629 177 2708 suum
196 2631 237 2708 in
254 2629 523 2726 contaminatos
546 2649 592 2706 ex
612 2648 715 2706 more
739 2629 865 2724 prodit
879 2621 933 2725 d).
1142 2635 1147 2712 ἶ

113 2745 122 2752 “
1009 2735 1044 2824 §.
1069 2727 1147 2808 IX..

1142 2869 1151 2901 i

112 2991 136 3056 d
181 2991 241 3056 Vel
259 3009 301 3055 ao
321 3009 443 3071 quooua
463 2997 584 3056 nomina
602 3000 743 3060 notabilia
764 2999 924 3061 admodum
942 3002 1009 3065 haec
1031 3000 1150 3068 eademr

66 3075 124 3152 opi
241 3075 417 3149 videbatur,
438 3077 522 3152 quod
535 3077 658 3140 stadium
677 3079 766 3157 baina
782 3081 872 3144 fabris
891 3080 950 3145 iv.
968 3085 1047 3160 apud
1071 3088 1148 3161 pie·-

64 3169 187 3234 aoaqoa
199 3171 267 3216 eam
281 3157 437 3230 inopinato
455 3174 492 3218 ae
506 3157 672 3221 vehementi
684 3163 804 3238 rigore,
826 3165 876 3223 vei
889 3163 988 3224 saltam
1007 3165 1146 3229 horrore,

63 3239 168 3300 totiua
187 3239 326 3312 corporia
340 3237 484 3312 oriretur,
507 3241 669 3302 eomitante
690 3243 799 3304 dolore
816 3245 920 3318 capitu
936 3259 1026 3307 acuto
1044 3261 1146 3325 atqua·

64 3317 228 3396 pulsata,
249 3333 338 3396 quana
355 3335 427 3380 mox
448 3321 549 3394 oalor,
570 3321 656 3382 auu·
674 3322 796 3402 sititque
816 3325 957 3402 indgnia,
979 3343 1046 3388 cum
1068 3345 1149 3391 mu-·

63 3399 189 3460 udone
209 3398 310 3475 pulsnt
327 3417 345 3460 a
364 3399 473 3460 summa
497 3403 650 3462 debilitata
673 3403 711 3465 ad
736 3407 968 3481 plenitudinem,
998 3409 1151 3488 insequar·-

60 3481 192 3542 bantut.
240 3479 331 3541 Nunc
355 3496 409 3556 per
433 3479 557 3555 spadam
578 3481 682 3557 borae,
714 3501 793 3546 nune
816 3487 948 3550 breviori
971 3490 1150 3555 intervallo·

57 3563 156 3638 rigor
174 3560 228 3621 iste
240 3563 408 3639 capitisque
422 3562 513 3624 doior
527 3565 669 3640 vigebat,
687 3581 750 3626 nou
767 3568 873 3642 aliter,
892 3585 981 3646 atqua
995 3573 1026 3635 ia
1040 3573 1135 3634 fabri·

57 3641 406 3704 nto-tammonem·
427 3641 603 3714 ordinariia,
623 3645 681 3707 sese
703 3659 819 3723 gerem-
860 3649 943 3712 Nibil
966 3653 1057 3730 igitar
1076 3657 1151 3716 uti-r

59 3737 155 3795 ran,
176 3722 197 3783 st
214 3725 353 3799 gratiora
371 3722 612 3789 barcennona
627 3729 724 3790 morbi
744 3730 873 3804 inditia,
894 3745 1033 3808 tanquam
1050 3751 1150 3798 monn

56 3805 104 3864 air
127 3805 319 3876 mmuneir,
339 3805 530 3868 vehementer
544 3812 651 3883 aegroti
670 3810 901 3876 extimescerent.
943 3813 1017 3894 Quo
1032 3829 1153 3878 taneos

49 3899 169 3958 nean,
191 3885 261 3960 post
276 3886 392 3964 aliquot
410 3885 520 3960 boraa,
536 3889 753 3963 liberabantur,
776 3891 932 3954 untvmsalt
952 3895 1060 3958 sudore
1080 3914 1151 3959 acu

51 3965 216 4042 cadara,
242 3967 295 4045 qai
309 3963 549 4046 &symptomata
562 3969 592 4035 dt
604 3971 742 4034 morbum
763 3971 858 4050 ipsun
878 3973 1005 4040 tenure
1024 3975 1130 4054 pradi-
1147 4001 1154 4036 t

992 4151 996 4178 Ι
1030 4057 1132 4137 tabat·
