2626 4804
179 147 451 290 ammaum
479 177 792 298 componun.
951 243 1021 324 ast

9 397 105 492 Neque
130 395 260 470 borum
294 392 458 494 indigere
489 391 685 484 videntur,
728 394 900 489 liquidem
930 397 1023 477 solia
1066 403 1113 484 Q

9 495 179 572 untmtos
194 515 353 588 organa,
378 493 508 586 quibus
526 493 767 589 vegetabilia,
794 509 933 571 motum
955 519 1022 594 per

9 595 34 668 se
52 615 103 666 non
124 593 314 680 habentia,
347 609 430 664 eum
462 592 507 664 ab
537 607 692 665 externo
724 597 808 666 aire
834 615 1022 690 nunquam

9 689 169 786 quiescente
194 687 459 784 adipiscantur,
485 709 595 783 quum
611 689 780 770 animalia
797 680 831 765 se
850 691 923 786 ipsa
943 715 1021 768 mo·

9 811 66 862 tuere
80 787 226 882 possunt
276 786 318 860 In
340 787 510 860 omnibus
533 783 608 860 illis
627 794 824 878 ramorum,
848 811 941 884 quos
961 793 1021 866 ba·
1111 829 1114 836 ⁴

9 887 82 978 ient,
103 885 281 978 articulis,
311 885 439 966 vivum
464 885 610 960 delituit
628 885 898 980 animalculum,
922 889 1022 982 quod
1129 879 1143 900 “

9 1005 47 1078 uer
64 987 255 1079 aperturam
282 983 436 1076 aliquam
463 979 538 1058 sive
556 1001 686 1076 porum
708 1005 754 1058 ex
774 986 867 1078 aqua
889 987 1022 1066 infesta

9 1083 91 1158 :ibon
110 1083 171 1157 libi
195 1081 379 1175 quaenvit,
402 1103 445 1156 ac
470 1095 637 1188 tempore
661 1081 726 1156 suo
748 1104 859 1158 amum
886 1089 1020 1178 u‘lures-

9 1204 50 1274 ue
79 1201 215 1270 ramos,
253 1193 424 1274 tanquam
453 1179 609 1254 totidem
639 1175 809 1270 soboles,
852 1181 1021 1280 exseruit,
1062 1189 1066 1211 ¹

9 1277 180 1372 genitalibus
205 1276 329 1369 fimul,
364 1299 442 1372 quae
471 1277 582 1352 flores
608 1275 836 1354 denominari
861 1280 1021 1381 possunt,

9 1379 43 1448 rel
55 1376 216 1470 exsertis,
243 1379 304 1450 vel
334 1373 429 1450 intra
454 1373 645 1450 articulum
668 1374 783 1470 ipsum
804 1379 1021 1475 reconditis,

9 1476 95 1568 ruilus
117 1497 229 1572 genus
261 1474 359 1548 suum
389 1473 628 1570 propagavit,
658 1473 754 1548 unde
781 1497 889 1550 novae
915 1477 1021 1550 sobo·

9 1573 52 1660 les,
74 1573 146 1667 pari
168 1573 281 1648 modo
311 1573 600 1664 continuatore,
626 1570 847 1656 excrescunt.
898 1571 940 1670 ln
968 1575 1022 1650 in-

9 1671 158 1745 sessoribus
190 1668 426 1744 crescentium
458 1666 620 1766 partibus
655 1685 769 1744 mater
806 1671 1022 1770 demoritur,

9 1767 174 1862 bseautem
194 1767 388 1860 articulus,
412 1769 581 1864 tanquam
598 1765 795 1857 ¹substantia
821 1769 1021 1862 corticalis,
1068 1801 1074 1816 ·

9 1881 146 1957 emanet,
178 1865 400 1964 solidamque
425 1863 653 1942 substantiam
681 1880 700 1940 a
725 1880 827 1974 parte
853 1869 1022 1946 interiori

9 1967 161 2056 luotatmis
196 1964 396 2060 dap'onit4‘·
419 1965 509 2038 ss'tut
545 1961 687 2040 correi*
712 1965 852 2040 arboris
889 1967 1022 2046 librum

9 2079 211 2140 rmseuntem
229 2065 266 2136 in
285 2061 511 2136 substantiam
526 2063 680 2158 ligneam
693 2063 880 2156 relinquit,
901 2087 1022 2158 quarn·¹

9 2159 38 2232 is
58 2159 198 2235 solidior
224 2163 300 2236 haec
327 2159 542 2252 substantia,
573 2181 642 2254 pro
668 2180 776 2276 more
798 2162 938 2256 gentis,
964 2161 1023 2238 sae·

9 2255 100 2348 elima
123 2261 166 2334 fit
188 2259 354 2334 calcaria.
415 2256 543 2354 Itaque
569 2259 711 2332 exuviae
740 2257 918 2352 ejusmodi
948 2261 1023 2334 ani-

9 2357 133 2452 ullium,
158 2355 283 2432 frutici
306 2357 458 2450 srmilea,
481 2370 692 2447 remanent,
717 2354 756 2430 in
778 2356 908 2451 quibus
927 2357 1023 2432 sora·

9 2455 69 2528 ulna
99 2455 240 2556 residua
271 2455 510 2530 observantur
545 2455 755 2530 ultimorum
789 2448 1025 2528 animalculo³
1075 2473 1088 2486 ·

9 2572 72 2643 um,
99 2573 252 2650 quorum
274 2551 441 2628 machina
465 2573 561 2648 poro
583 2551 751 2627 iustrusla
774 2551 871 2643 soit,
893 2565 937 2626 ut
958 2577 1023 2628 nu·

9 2649 175 2726 timentum
192 2649 420 2735 sorbillarent
435 2649 646 2744 quibusdam
663 2651 871 2740 tentaculis,
894 2651 1023 2746 petalis

9 2745 51 2818 lue
76 2748 396 2844 prodobionibus,
437 2749 525 2822 loco
554 2764 676 2822 motus
710 2747 892 2841 eJusdem,
927 2752 1023 2823 intra

9 2865 63 2936 luas
82 2847 249 2942 genitalia
270 2869 352 2922 cum
374 2845 506 2935 ovario
530 2845 766 2937 exstiterunt,
793 2847 843 2920 ita
863 2846 1022 2940 quidem,

9 2945 213 3020 telluribus
222 2945 451 3042 plantarum,
477 2945 538 3040 qui
562 2947 694 3040 plantae
715 2945 866 3020 interna
889 2947 1022 3019 merito

9 3043 214 3134 ppellantur,
244 3043 315 3116 alia
339 3043 376 3116 in
401 3063 463 3132 re,
490 3059 595 3135 quam
624 3055 729 3116 moto
752 3041 865 3115 solum
891 3043 1022 3116 volun·

9 3139 85 3231 oio,
108 3141 173 3215 vix
197 3137 378 3214 differant.
429 3138 606 3214 Dehisce
629 3137 838 3232 Zoophytis
862 3137 948 3211 vide
969 3140 1022 3212 io·

9 3239 247 3334 amparabilem
269 3237 429 3314 Ellisuurn
452 3237 498 3312 de
529 3233 735 3310 Coralliois.

73 3435 203 3524 Taum,
225 3434 353 3509 nullibi
374 3431 470 3524 fixa,
494 3427 808 3528 longitudin'aliter
823 3429 896 3504 sune
915 3431 1023 3506 ramis

9 3533 197 3622 itenditur,
235 3555 276 3606 ac
309 3531 654 3606 inenumerabilibus
685 3529 831 3602 foetibus
868 3529 1023 3622 constat,

9 3647 122 3705 uorum
146 3631 270 3726 singuli
297 3630 442 3704 unicam
468 3630 609 3724 prolem
638 3641 857 3720 procreant,
883 3626 1024 3702 &tam-

9 3724 37 3798 iu
54 3731 204 3819 vivunt,
228 3743 269 3802 ut
288 3749 364 3822 una
384 3739 499 3800 mater
523 3723 734 3822 progeniem
759 3724 857 3798 mille
879 3745 1025 3822 genera-

9 3819 111 3900 lonum
146 3847 333 3900 numerare
363 3821 478 3918 possut.
538 3819 748 4037 Unicus&
782 3823 936 3895 articulo
973 3825 1025 3896 in-

9 3919 142 4000 o'n'secus
169 3924 337 4020 exiguum
363 3943 406 3996 os
432 3920 508 3998 live
532 3936 677 4014 apertur
748 3941 792 4032 ro
819 3920 1024 4015 ingerendis

990 4021 1024 4092 δι
