2714 4768
213 157 267 340 {4
457 179 652 309 manas
683 163 1014 314 UPsALIENs'Is.

220 411 291 504 tis,
320 408 423 504 euius
448 413 531 506 pori
559 425 636 486 tum
663 411 744 486 sunt
766 413 905 507 aperti,
934 433 999 508 per
1015 411 1146 486 'rimam
1172 407 1278 484 sene·

215 511 300 586 sire
317 521 381 582 aut
402 509 572 604 patietis,
600 524 703 604 agat,
732 533 809 603 quae
830 526 907 584 tum
930 508 1094 606 rigescit,
1118 507 1211 582 adeo
1234 519 1281 582 ut

219 606 397 683 maximus
419 627 466 680 ex
488 606 631 681 adsone
647 604 794 680 musculi
820 607 1035 700 subjacentis
1052 606 1193 680 otiattu
1210 605 1280 680 do·

213 708 301 796 lor,
329 725 376 776 eo
404 703 502 798 quod
526 703 710 800 pinguedo
741 707 873 779 tunicae
899 703 1077 778 celsulosae
1104 703 1275 799 riguerit:

221 800 368 897 quando
389 801 449 874 hic
471 803 620 876 morbus
641 803 770 894 maiori
796 803 907 900 gradu
931 825 1001 876 nos
1024 800 1200 892 corripit,
1223 797 1277 872 fe·

220 902 322 976 brem
340 899 377 971 in
396 920 439 971 ea
454 912 556 992 parte
572 900 782 990 partialem,
803 900 868 974 vix
887 899 1104 989 sensibilem,
1126 896 1279 990 vespere

215 995 499 1071 exacerbantem
530 996 646 1070 affert.
697 995 730 1070 E
751 998 839 1071 loco
866 997 984 1072 calido
1007 996 1045 1070 in
1070 1001 1188 1068 a'e'rem
1213 993 1282 1066 sri-

219 1093 402 1194 gidun&
419 1093 604 1170 humidum
630 1093 758 1168 delatis
781 1099 907 1192 Coryco
925 1093 1042 1168 statim
1069 1092 1121 1166 est
1143 1091 1281 1180 obvia;

214 1191 395 1284 quoniam
425 1193 541 1264 moles
571 1191 664 1266 aeris
692 1191 736 1264 ad
765 1192 1038 1286 respirationem
1070 1212 1135 1284 per
1162 1190 1281 1263 sanum

218 1289 355 1365 frontis
376 1289 410 1361 dt
430 1311 558 1363 omnes
574 1291 661 1382 'ejus
683 1290 860 1362 ansrassus
886 1288 1154 1378 descendentis,
1181 1285 1282 1359 tuni·

185 1409 302 1460 acam
324 1384 641 1468 Schneiderianam
664 1387 782 1459 subito
807 1387 1016 1482 refrigerat:
1043 1387 1174 1479 quoin
1196 1381 1283 1457 casu

168 1475 181 1496 '
219 1486 335 1559 multa
353 1482 462 1578 copia
481 1485 643 1558 humoris
663 1482 697 1556 dt
714 1483 858 1558 tandem
873 1485 968 1558 muci
990 1483 1196 1558 secernitur.
1239 1479 1281 1572 Si

216 1582 332 1677 pedes
364 1579 577 1675 tempestate
609 1581 738 1678 frigida
769 1582 976 1656 humescant
1003 1581 1037 1654 dt
1064 1581 1175 1674 frigus
1204 1577 1280 1652 sor·

214 1681 354 1767 beant,
384 1681 533 1752 Graucdo
549 1678 659 1752 etiam
679 1678 748 1751 sese
765 1680 929 1754 insinuat.
980 1677 1088 1752 Hisce
1105 1681 1177 1772 jam
1193 1678 1281 1748 alla·

218 1778 271 1849 tis
286 1773 368 1847 satis
389 1787 511 1868 patet,
538 1796 672 1869 corpus
696 1776 946 1851 humiditatem
964 1777 1056 1851 abris
1079 1775 1280 1848 attrahere:

214 1870 343 1949 omnis
378 1893 472 1946 vero
504 1876 565 1946 a‘er
594 1873 760 1946 humidus
793 1896 870 1948 non
903 1874 954 1947 est
988 1896 1088 1966 eque
1123 1871 1281 1959 noxius:

219 1972 389 2065 stagnans
406 1969 439 2042 dt
459 1982 651 2064 corruptus
668 1970 720 2044 est
736 1969 1022 2061 nocentissimus,
1048 1977 1110 2043 adr
1124 1970 1220 2042 enim
1237 1983 1284 2040 ut

223 2088 317 2161 aqua
340 2081 445 2140 motu
473 2080 654 2160 purgatur.
706 2068 782 2142 Aer
806 2069 845 2144 in
870 2067 1009 2142 cellulis
1033 2068 1191 2161 antiquis
1215 2088 1281 2139 oo-

223 2163 350 2256 clusrs,
375 2162 592 2258 sepulchris,
616 2166 748 2239 loculis
771 2179 1020 2257 mortuorum,
1048 2165 1168 2260 puteis
1196 2184 1283 2258 pro·

223 2260 346 2338 fundis
363 2261 430 2335 dac.
454 2261 527 2335 sine
543 2275 645 2336 motu
667 2262 856 2356 detentus,
885 2264 977 2336 adeo
996 2262 1047 2336 est
1062 2275 1284 2354 venenatus,

222 2367 268 2434 dt
295 2357 381 2431 naso
405 2359 490 2431 illuc
515 2358 663 2432 admoto
690 2375 842 2452 repente
870 2362 1086 2435 moriamur:
1113 2374 1284 2452 tempore

220 2455 368 2530 vernali
389 2457 524 2548 templa
543 2477 670 2551 magna
694 2457 873 2550 lapidibus
894 2456 1068 2532 exstrusla
1091 2457 1284 2532 humidita-

226 2565 303 2627 tem
321 2552 510 2639 exhalant:
534 2553 594 2645 qui
610 2556 737 2648 jejuno
755 2554 941 2628 stomacho
952 2577 995 2630 ea
1011 2568 1098 2630 tunc
1115 2555 1285 2646 frequen·

224 2663 331 2741 tant,
358 2651 455 2724 Fabri
470 2656 698 2726 intermittens:
715 2649 891 2745 sepissime
908 2652 1167 2746 corripiuntur,
1193 2673 1284 2744 pru-

215 2747 336 2841 ·cipue
362 2745 385 2820 st
413 2745 480 2821 fint
506 2747 709 2841 fornicata,
742 2751 914 2842 quoniam
945 2756 1007 2823 aie:
1031 2750 1093 2824 sub
1123 2749 1284 2842 laqueari

214 2843 347 2921 'minus
385 2857 544 2916 mutatur
582 2845 738 2939 indeque
771 2848 1023 2941 corrumpitur.
1091 2845 1284 2940 Frigidarii

224 2941 342 3016 'Horti
367 2941 604 3034 Academici,
632 2943 694 3016 ubi
715 2945 963 3038 praelediiones
987 2944 1173 3019 Botanicae
1193 2956 1283 3016 tem·

215 3059 319 3133 -pore
332 3060 452 3112 verno
468 3039 667 3131 habentur,
694 3041 812 3135 paries
829 3043 986 3116 borealis
1004 3044 1101 3116 nulla
1118 3055 1202 3114 ante
1220 3038 1286 3112 asi·

228 3149 322 3230 quot
339 3158 454 3211 annos
479 3136 635 3212 fenestra
657 3151 735 3212 erat
763 3139 972 3214 instrusius:
1000 3140 1097 3214 unde
1121 3145 1182 3212 adr
1204 3159 1287 3212 eam

226 3248 370 3328 partem
384 3231 508 3308 versus
524 3231 606 3308 satis
623 3235 773 3310 nimium
791 3248 961 3329 quantum
979 3235 1166 3330 praeclusus
1181 3247 1291 3310 tene-

217 3331 355 3405 ·batur:
392 3343 467 3404 tum
495 3329 673 3426 sepissime
698 3355 775 3408 non
797 3334 869 3408 sine
899 3333 1138 3408 admiratione
1164 3332 1287 3408 audie-

217 3429 335 3531 bam,
367 3448 473 3523 quam
500 3428 622 3520 sedulo
646 3429 698 3502 N.
726 3429 774 3504 D.
799 3429 928 3506 Praeses
956 3432 1134 3527 pallentes
1163 3429 1286 3522 &qui

218 3525 388 3612 ,tertiana
415 3526 693 3617 laboraverant,
717 3528 909 3618 monebat,
935 3551 982 3603 ne
1007 3529 1123 3604 eidem
1152 3526 1289 3622 parieti

216 3619 431 3713 eluderent,
454 3623 610 3718 persaepe
626 3647 771 3718 quoque
785 3625 957 3718 postridie
970 3627 1180 3720 plerumque
1192 3622 1287 3697 Ter·

218 3719 351 3810 tiana,
373 3733 543 3814 tanquam
560 3743 686 3816 poena,
711 3735 901 3816 correptos
924 3744 989 3798 eos
1007 3723 1129 3813 fuisse,
1154 3722 1215 3815 qui
1234 3719 1288 3794 sa-

217 3817 344 3892 lutare
360 3816 450 3891 illud
466 3818 645 3894 monitum
660 3817 804 3913 insuper
814 3820 1034 3910 habuerant:
1054 3842 1152 3896 nunc
1168 3819 1288 3913 posita

228 3911 281 3988 ibi
307 3913 463 3990 fenestra
486 3916 605 3992 miuus
628 3915 681 3992 est
706 3917 874 4013 periculi.
923 3917 1013 3996 Haec
1042 3919 1172 3996 omnia.
1186 3918 1287 4029 clare

1179 4034 1286 4092 evin·
