2604 4786
204 261 408 339 SENIUM
442 260 829 338 SALOMONEUM.
980 285 1047 360 257

22 439 182 533 decrescit,
218 441 321 535 prior
354 444 589 538 quadraginta
620 441 887 537 propemodum
914 464 1046 536 annos,

25 539 167 634 posterior
185 541 365 634 reliquum
386 541 473 614 vitae
495 553 659 634 tempus,
683 541 865 616 continet.
915 537 958 616 In
985 541 1048 616 illa

27 657 142 729 corpus,
164 659 233 730 qua
249 637 364 715 robur
383 639 542 731 aliasque
566 638 772 728 facultates,
793 637 979 730 accrescit,
1007 639 1047 714 in

24 737 70 806 lec
94 734 261 808 decrescit
283 737 318 808 dc
338 737 554 814 imbecillius
580 735 723 824 evadit,
758 757 800 808 ac
823 735 945 810 sensrm
970 736 1045 812 sen-

21 833 120 924 anue
139 833 390 906 adolescentia
413 835 582 924 stetique
609 833 755 906 florenti
778 835 877 924 prius
899 835 1047 928 obrepit

18 929 167 1015 sanetius,
198 951 305 1022 quarn
335 930 574 1004 animadverti
600 929 715 1026 pollis.
767 929 811 1006 In
835 933 1046 1026 juventute,

15 1027 102 1098 bono
126 1027 161 1099 id
193 1027 257 1100 fibi
289 1029 429 1125 negotii
458 1028 634 1122 imprimis
666 1029 789 1102 datum
821 1029 965 1114 credat,
1005 1045 1047 1106 ut

16 1123 199 1198 Creatorem
222 1122 322 1200 suum
340 1123 561 1221 cognoscere
580 1123 755 1200 addiscat:
785 1127 920 1201 etenim
942 1127 1046 1222 juve·

15 1221 98 1294 rilem
115 1243 222 1316 agens
240 1237 405 1314 estatem,
429 1223 656 1296 acutioribus
674 1221 833 1298 sensuum
851 1227 1048 1322 organis&

14 1321 153 1392 alacriori
178 1319 314 1414 gaudet
338 1322 510 1416 ingeni03
536 1321 632 1394 unde
650 1323 781 1416 majori
805 1321 958 1396 afficitur
977 1345 1047 1396 vo·

15 1415 124 1503 luptate
144 1440 190 1490 cx
217 1418 371 1511 objetlis
394 1421 467 1512 jam
492 1419 611 1492 oculis
637 1419 936 1510 obversantibust
963 1441 1048 1498 cum

22 1516 209 1587 scorbario
228 1513 329 1590 senio
349 1516 478 1607 sellus,
506 1518 639 1592 nullam
654 1517 730 1590 sere
745 1539 791 1592 ex
809 1517 881 1592 illis
895 1517 1047 1594 desesia-

22 1612 125 1685 tr'ouem
148 1614 330 1708 percipit,
359 1612 476 1688 sensus
504 1615 622 1706 enim,
651 1637 732 1690 cum
763 1629 848 1688 toto
871 1635 1046 1711 corpore,

18 1705 192 1784 hebetiores
210 1709 448 1806 durioresque
462 1727 549 1786 tunc
563 1713 734 1788 evadunt.
778 1713 818 1790 V
818 1725 926 1810 egeto
942 1711 1047 1810 juve-

15 1805 207 1898 nisanimo,
235 1807 363 1884 vivida
388 1807 609 1904 imaginandi
634 1811 810 1886 facultate
825 1813 1049 1982 egrepioque

13 1907 167 1978 nemoris
185 1907 331 2000 pollens
353 1909 511 1998 robore,
540 1909 579 1982 in
598 1909 705 2004 huius
723 1911 879 1984 universr
919 1931 1048 1986 cenam

13 1997 239 2096 innodemus,
282 2027 358 2078 non
393 2005 513 2100 potest
546 2027 624 2080 non
657 2007 781 2082 animo
820 2005 1047 2103 summopere

16 2104 213 2175 commoveri
246 2097 398 2196 totaque
428 2119 552 2178 mente
583 2103 857 2198 obstupescere,
898 2105 1046 2198 quoties

18 2199 102 2270 oculis
118 2199 289 2296 usurpare
313 2201 400 2274 licet
424 2199 603 2276 inlinitum
625 2223 746 2278 rerum
764 2213 965 2276 creatarum
982 2223 1044 2276 va·

23 2293 171 2386 rietatem,
199 2321 314 2392 ,quam
340 2301 448 2372 nobis
477 2299 678 2374 rimandam
709 2297 877 2393 exposuit
908 2315 1046 2374 naturae

19 2385 180 2469 Dominus.
232 2392 463 2490 Juvenilibus
482 2399 519 2472 in
534 2399 638 2472 annis
656 2399 805 2474 attoniti
829 2396 1044 2472 admiramur

17 2499 117 2566 terram
137 2493 175 2567 in
200 2493 383 2568 altillimos
408 2510 575 2586 montes,
609 2509 784 2592 perpetua
811 2495 899 2570 nive
930 2497 1045 2570 obdu·

13 2583 88 2678 dos,
122 2588 334 2688 exsurgere,
369 2593 465 2666 unde
494 2613 594 2688 equa
620 2595 683 2668 vel
709 2592 808 2690 lapsu
833 2595 1045 2668 vehementi

10 2687 284 2782 precipitantur,
326 2691 388 2762 vel
420 2690 542 2764 sensim
578 2691 835 2787 paullatimque
866 2698 1045 2766 co‘eunte's

10 2781 166 2870 placidum
201 2785 422 2877 continuant
459 2789 619 2880 cursum,
654 2787 774 2864 donec
802 2791 844 2866 in
878 2789 1043 2880 flumina,

21 2883 208 2971 uperficiern
226 2900 330 2959 terrae
347 2883 570 2980 dividentia,
594 2885 833 2985 colligantur,
856 2909 927 2961 nec
944 2889 1045 2982 privs

29 2977 177 3073 esistunt,
204 3003 312 3076 quarn
342 2983 381 3058 in
406 3003 525 3078 mare,
553 2985 651 3060 unde
680 2987 858 3084 originem
893 2983 1044 3076 duxere,

20 3072 66 3173 ese
82 3095 294 3154 exonerent

86 3175 280 3252 Hosintcr
307 3195 411 3252 terrm
437 3191 621 3270 tumores,
648 3175 885 3272 jncundiffimi
909 3179 1043 3274 campi,

8 3271 101 3344 valles
134 3277 358 3370 nanqulllae,
392 3275 428 3349 te
449 3275 596 3366 sontes,
630 3277 765 3350 blando
792 3295 973 3349 murmure
998 3275 1044 3350 ad

8 3367 125 3444 radices
157 3376 341 3448 montium
373 3375 586 3469 plerumque
618 3371 875 3462 scaturientes,
913 3387 1045 3468 aquarn

9 3466 155 3555 crystallo
182 3472 373 3547 clariorem
398 3473 649 3564 ebullientes,
665 3471 783 3545 oculis
808 3469 878 3544 sese
902 3469 1043 3567 conspi-

9 3559 137 3640 ciendos
167 3571 342 3663 prebent.
394 3569 555 3644 Globum
582 3569 784 3642 terrestrem
814 3567 856 3642 ad
888 3569 964 3643 bec
991 3581 1042 3643 at-

9 3663 139 3736 tentiori
169 3665 425 3761 perlustrantes
447 3667 597 3756 enimn,
622 3667 732 3740 variis
760 3687 841 3740 eum
864 3664 1045 3760 Lepidum

11 3761 202 3864 generibus,
229 3767 378 3856 colore,
404 3763 522 3839 sonna
542 3763 576 3836 ἃ
598 3761 771 3838 straena
794 3765 890 3840 inter
914 3763 948 3838 sb
969 3787 1043 3838 rna·

11 3871 87 3927 une
117 3859 424 3956 discrepantibus,
460 3875 673 3938 concretum
710 3862 1041 3936 animadvertimus.

12 3942 53 4021 Ex
69 3953 119 4028 bis
135 3973 238 4032 terrae
260 3959 401 4054 stratis,
427 3960 473 4037 de
494 3959 694 4035 seculorum
714 3959 817 4035 cursu
840 3959 1044 4054 praeterlto-

51 4048 128 4126 Tcrn.
149 4057 188 4130 V.
264 4120 267 4128 .
597 4057 649 4138 R,
946 4073 1040 4151 tum,

88 4377 105 4420 b
