2714 4768
269 88 290 138 ἱ

344 253 566 336 unauna
608 255 804 400 antaei.
1054 263 1103 360 e9

58 435 208 511 inanius
238 447 380 513 natura
403 437 616 528 recellibus,
640 441 701 512 vel
723 451 822 514 certe
849 457 918 532 pro
946 437 1102 514 cellariis

65 535 256 628 inperviis,
290 534 550 630 hominumque
577 535 694 610 usibus
726 551 854 631 parunt
873 534 1100 610 inservienti·

69 633 138 720 ia,
169 645 309 706 temere
342 635 594 726 reputaverint
622 633 716 708 haud
748 633 866 728 pauci.
932 631 1100 708 Praesenti

67 749 137 800 tero
161 727 308 816 seculo,
332 730 390 802 cui
412 731 539 803 &aliae
561 730 718 806 scientie
743 730 802 805 sua
824 733 960 806 debent
983 731 1099 804 incre·

56 841 187 917 menta,
211 827 249 901 in
279 827 318 898 id
342 827 498 900 feliciter
526 827 722 902 incubuere
750 829 901 904 Naturae
927 827 1099 920 consulti,

55 935 111 1013 ut,
140 945 217 1015 que
241 925 282 1000 in
303 923 408 1000 vasto
439 925 584 1000 latitant
615 946 780 1018 oceano,
817 926 1099 1022 explicarentur,

52 1043 165 1113 eoque
185 1021 285 1116 ipso,
310 1021 461 1120 vestigia
483 1021 720 1120 benignillimi
735 1023 929 1118 Numinis,
952 1024 1003 1099 ibi
1019 1043 1098 1098 non

53 1119 317 1213 minus,quan1
342 1120 378 1192 in
401 1134 497 1194 terra
520 1121 736 1196 continente
762 1121 895 1214 obvia,
924 1119 1099 1196 monstra·

52 1229 138 1288 rent
189 1217 308 1308 Mihi,
331 1217 389 1291 cui
408 1218 471 1292 has
488 1217 634 1292 delicias
651 1220 810 1314 propriis
827 1220 944 1294 oculis
964 1217 1099 1293 intueri

52 1312 162 1386 adhuc
185 1337 262 1388 non
287 1315 464 1410 contigit,
492 1335 628 1410 pauca,
655 1339 732 1410 quae
759 1319 846 1392 navi
872 1319 1020 1410 antibua
1041 1337 1099 1390 ae·

53 1423 150 1501 cepta
170 1413 315 1504 refero,
341 1411 490 1486 attulille
515 1411 682 1505 sufficiat,
709 1421 782 1510 quo
811 1339 912 1510 ipio,
939 1435 998 1488 me
1021 1435 1099 1490 rem

57 1505 204 1584 Eruditis
220 1533 299 1584 non
312 1509 403 1583 adeo
422 1510 595 1604 ingratam
612 1509 787 1586 fanorum
802 1512 983 1602 existimo,
1009 1533 1098 1606 prae·

54 1605 164 1679 stitini
187 1631 270 1681 cum
289 1607 374 1682 hinc
397 1609 624 1684 occafionem
644 1609 741 1682 forte
766 1612 944 1702 habeant,
967 1607 1099 1702 majori

54 1724 134 1776 cura
149 1728 190 1778 ea
204 1705 382 1798 rimandi,
405 1707 534 1797 quibus
551 1705 666 1781 sedem
686 1713 723 1782 in
743 1707 844 1804 aquis
858 1707 959 1780 dedit
970 1729 1097 1782 manua

54 1802 334 1896 omnipotentis.
392 1805 526 1976 inis
557 1805 653 1878 enim
687 1805 818 1880 trattos
850 1806 988 1896 Maris,
1019 1827 1098 1879 non

53 1903 163 1973 minus
187 1923 293 1994 quam
314 1910 422 1976 terrei
461 1901 511 1992 is,
542 1902 711 1998 proprios
735 1903 815 1978 suos
838 1903 902 1978 alit
922 1903 1096 2000 hospites,

55 1999 230 2090 exquibus
246 2015 365 2074 naute
382 2014 520 2093 queunt
528 2001 714 2096 colligere,
729 1999 791 2074 sub
805 2025 874 2096 qua
890 1998 1096 2090 latitudine,

55 2119 126 2170 non
145 2097 259 2170 minus
286 2119 392 2192 quain
414 2097 664 2194 longitudine,
687 2099 725 2172 in
746 2097 919 2174 immenso
941 2099 1014 2172 hoe
1035 2119 1097 2190 pe-

57 2194 334 2288 lagoverientur.
385 2195 443 2270 Sic
454 2202 674 2270 ennianon
685 2203 836 2268 otbertus
853 2211 991 2270 tantum
1003 2195 1098 2266 intra

61 2292 225 2385 tropicon
251 2315 440 2368 anouans
462 2291 637 2390 (Arundo
661 2291 781 2366 indica
803 2292 947 2365 fluitans
972 2289 1013 2363 C.
1033 2282 1097 2378 B.)

57 2402 181 2463 tantm
197 2405 303 2465 extra
320 2390 407 2486 Cap.
428 2391 462 2464 b.
482 2388 575 2484 spei,
594 2389 627 2461 ἁ
644 2405 745 2464 extra
765 2389 856 2464 hanc
877 2409 1097 2464 enocuuun·

48 2511 114 2561 nia
137 2491 274 2586 capenfis
297 2490 468 2564 occurrit
518 2487 697 2562 Dolemus
725 2489 817 2562 hanc
846 2487 1030 2561 seientiam
1057 2485 1096 2559 in

48 2585 147 2660 cunis
168 2587 264 2680 quali
300 2587 415 2661 adhuc
442 2586 587 2680 vagire,
620 2587 717 2678 quod
742 2585 826 2660 inde
854 2585 905 2658 est
929 2597 1095 2678 repeten-

46 2684 149 2772 dum,
175 2684 350 2777 quoniam
375 2685 480 2758 rudes
503 2683 735 2778 plerumque,
765 2685 943 2776 nullisque
964 2679 1094 2754 litteris

44 2781 141 2854 tintii
166 2781 341 2856 nauta&
364 2783 470 2856 otioli
493 2803 611 2854 rerum
638 2781 876 2876 speuatores,
905 2803 950 2854 ne
978 2779 1096 2852 dicant

44 2877 183 2970 osores,
212 2873 289 2953 fere
307 2879 373 2952 soli
395 2879 565 2968 fuerunt,
591 2880 651 2970 qni
673 2878 859 2952 vastiffima
885 2876 1097 2970 trajecerint

41 2977 411 3072 equora;,spera1nus
434 2993 526 3050 ver·
550 2977 652 3070 fore,
675 2993 717 3054 ut
736 2977 770 3050 ἀ
790 2977 883 3052 hane
910 2975 1096 3050 scientiam

41 3075 186 3148 mitiora
213 3089 384 3152 maneant
409 3075 494 3149 fata.
710 3103 712 3108 ·

415 3211 718 3318 AEQuon

128 3350 264 3447 lugens
283 3351 372 3425 illud
390 3373 554 3446 inquot,
582 3367 773 3447 utrumque
795 3341 1093 3444 Polum'anuens,

41 3449 134 3540 quod
171 3449 389 3538 adanam,
427 3448 590 3528 Africam
620 3451 654 3526 u
680 3451 886 3526 American
926 3447 1096 3523 immensa

38 3548 214 3669 uoragine
240 3547 469 3636 extenditur,
497 3569 624 3642 aquam
652 3551 761 3663 habet
771 3547 1098 3646 sulcorulesceutem

38 3637 1093 3846 111111111111111121111111ῑέᾛῖ

38 3857 143 3930 inque
166 3841 378 3936 superficie,
407 3843 703 3935 ap1·ocellis,.in
722 3847 824 3918 undas
848 3761 1026 3950 1111111115Ι
1041 3843 1094 3933 ja

39 3931 175 4034 itatem,
201 3943 306 4036 cujus
326 3940 365 4016 in
384 3939 498 4014 fundo
516 3961 594 4113 utin
613 3941 842 4038 reperiuntur
859 3939 1093 4103 vegetabili?

611 4061 630 4134 3
963 4047 1092 4128 utpoe
