2714 4768
264 251 314 343 ⁶4
530 221 678 318 anuis
708 231 1046 322 utstamcus.

264 425 367 542 modi
383 422 505 538 azymi
523 423 644 496 alvum
665 423 800 519 magis,
827 445 933 516 quarn
947 426 1037 499 alius
1057 425 1234 520 quilibet,
1266 427 1340 504 ad-

265 527 465 696 strmgsffcgztis
486 621 638 691 baconus
655 601 732 689 aliis
750 618 940 708 omnibus,
966 620 1038 694 sine
1053 623 1337 716 controversia,

264 718 528 820 preferendus,
560 737 642 788 cum
662 715 808 788 salivam
832 717 986 790 maxime
1012 719 1167 791 attrahat
1184 719 1222 792 dt
1242 719 1335 793 diu-

263 818 389 894 tiffime
405 813 608 889 conservari
627 811 751 906 poffit,
777 813 873 886 unde
889 815 998 888 etiam
1016 816 1055 888 in
1073 817 1231 889 navibus
1251 817 1332 891 sre-

266 935 379 1012 quens
400 914 477 1006 ejus
506 909 556 985 est
579 911 679 1000 usus,
705 910 768 984 ubi
795 908 981 1005 Tropico's
1005 914 1157 986 transire
1181 915 1333 1008 potest,

264 1017 367 1091 fiturn
395 1033 472 1085 non
505 1008 745 1101 contrahens,
778 1030 859 1081 cum
887 1021 1007 1084 tamen
1040 1009 1152 1104 ipsum
1181 1011 1332 1089 terrum

265 1125 423 1187 tenetur.

362 1209 466 1283 Panis
488 1208 715 1303 potentatus,
740 1225 846 1296 quem
872 1203 1073 1295 nostrates,
1100 1206 1239 1281 tamin
1267 1229 1335 1282 ur·

266 1308 394 1396 bibus,
427 1317 531 1398 quam
556 1323 660 1392 rure,
694 1301 936 1375 communiter
963 1303 1154 1394 adhibent,
1184 1305 1336 1398 quique

265 1407 502 1478 vehementer
518 1400 648 1488 tostus,
674 1421 738 1493 per
753 1412 871 1471 totum
886 1421 1016 1474 annum
1036 1400 1166 1476 servari
1184 1404 1332 1496 potest,

245 1541 250 1547 ·
267 1505 363 1578 inter
382 1499 543 1594 optimos
560 1497 714 1571 omnino
726 1495 989 1588 numerandus,
1013 1498 1140 1593 &pani
1152 1499 1332 1575 biscocto

267 1601 319 1674 est
338 1597 545 1692 proximus,
572 1617 653 1668 cum
666 1595 794 1668 siccior
811 1594 977 1688 corporis
989 1596 1135 1669 humani
1156 1596 1331 1690 liquores

266 1698 378 1794 magis
400 1694 588 1767 absorbeat
609 1693 719 1784 inque
742 1689 791 1764 sui
811 1705 974 1766 naturam
991 1705 1200 1767 commutet

365 1796 468 1868 Panis
499 1793 643 1874 auidus,
670 1790 704 1861 dt
731 1810 813 1862 cum
845 1791 981 1882 butyro
1014 1791 1247 1884 consumtus,
1285 1793 1331 1870 in

266 1891 407 1984 deliciis
435 1912 455 1961 a
482 1887 693 1983 quibusdam
718 1887 888 1980 ponitur,
914 1886 972 1960 sed
994 1889 1060 1962 vix
1088 1889 1191 1963 daun
1215 1891 1331 1966 cibus

265 1989 474 2064 ventriculo
505 1985 735 2058 &dentibus
766 1984 974 2058 nocentior.
1041 1985 1184 2060 Dentes
1221 1982 1330 2064 enim

265 2109 361 2184 pane
381 2084 500 2158 calido
525 2080 739 2158 mollescunt
762 2081 1032 2157 &dilabuntura
1084 2084 1121 2157 Si
1143 2085 1223 2178 quis
1241 2107 1329 2179 par-

266 2186 414 2260 ticulam
432 2203 548 2256 cornu
567 2180 650 2273 pani
665 2179 843 2269 craffiori,
867 2201 984 2274 nuper
1005 2203 1052 2254 ex
1065 2182 1216 2254 fornace
1236 2185 1330 2258 edu·

267 2276 349 2372 dbo,
374 2282 529 2375 ingerit,
551 2279 716 2369 liquescit
740 2279 846 2370 plano
866 2299 908 2350 ac
925 2280 1028 2350 velut
1045 2301 1126 2352 cera
1148 2279 1332 2355 flexibilis

268 2379 413 2465 evadit,
437 2375 535 2468 quod
549 2395 613 2466 per
631 2374 836 2446 cottionem
854 2374 892 2446 in
906 2395 1010 2466 aqua,
1036 2377 1100 2449 vix
1116 2399 1180 2470 per
1199 2391 1333 2455 totum

265 2479 362 2552 diem
384 2471 543 2546 obtineri
569 2469 712 2564 potest,
743 2470 777 2542 dt
798 2471 906 2562 ebur,
933 2472 1153 2547 tradendum
1176 2477 1221 2548 ab
1242 2479 1335 2571 opi-

266 2575 419 2662 ficibus,
444 2570 593 2664 inpane
617 2567 794 2663 ejusmodi
822 2570 1014 2667 praecalido
1038 2573 1201 2662 emolliri¹
1216 2571 1332 2651 solet.

267 2671 437 2748 Medicus
473 2666 615 2760 quidam
649 2667 686 2739 in
717 2667 827 2756 urbe,
867 2666 1138 2742 Amstelodamo
1173 2670 1332 2764 vicina,

267 2767 475 2854 habitabat,
501 2767 602 2859 cujus
616 2763 746 2837 incolae
765 2765 927 2857 plerique
945 2781 1048 2840 erant
1061 2766 1236 2860 pistoreS,
1263 2772 1335 2864 qui

267 2887 399 2971 panem
414 2861 800 2938 Amstelodamensrbus
821 2862 984 2955 quotidie
1006 2865 1267 2955 venditabant;
1301 2871 1337 2942 is

268 2984 346 3042 non
363 2963 435 3038 fine
452 2961 690 3036 admiratione
705 2958 738 3032 se
756 2959 956 3033 observasse
971 2959 1106 3052 scribit,
1131 2963 1229 3054 quod
1245 2967 1347 3058 plu-¹

266 3062 373 3154 rimi,
398 3061 436 3133 in
454 3061 521 3134 hac
544 3057 653 3150 urbe,
677 3057 863 3130 stomacho
885 3060 1093 3133 laborarent
1116 3061 1333 3136 debilitato.

268 3162 313 3238 ln
341 3155 493 3234 caussam
521 3156 727 3248 inquirens,
769 3175 848 3228 eam
877 3154 945 3228 esse
979 3157 1182 3250 intellexit,
1223 3159 1335 3251 quod

267 3257 492 3335 consuetudo
521 3253 570 3326 ibi
599 3253 685 3326 elset
709 3253 913 3345 excipiendi
937 3254 1096 3348 hospites
1120 3277 1214 3348 pane
1237 3259 1336 3332 cali·

269 3356 406 3432 diffimo
424 3376 445 3426 e
467 3353 639 3442 fornace,
662 3349 779 3424 diviso
799 3350 988 3445 &butyro
1013 3353 1130 3441 illito;
1156 3353 1242 3427 binc
1262 3355 1334 3428 de·

267 3453 390 3529 bilitas
413 3449 630 3534 ventriculi,
660 3469 765 3540 quam
794 3447 1026 3523 consecutum
1051 3449 1102 3523 est
1125 3450 1335 3546 fastidium,

268 3546 462 3644 indigestio
485 3545 580 3635 cibi,
612 3546 740 3638 flatus,
771 3543 946 3640 passiones
975 3545 1162 3641 hystericae
1187 3547 1221 3620 u
1248 3547 1336 3625 sex·

269 3661 378 3724 centa
406 3645 474 3716 alia
501 3643 743 3716 incommoda.
806 3639 1000 3740 Hippocrut.
1027 3661 1093 3723 rat.
1115 3649 1191 3720 uisi.
1220 3649 1281 3720 lib.
1299 3651 1344 3724 Ι(

268 3765 401 3844 panem
424 3740 577 3814 calidum
601 3739 797 3814 comestum
825 3742 1050 3836 repentinam
1081 3744 1343 3838 repletionem

270 3843 308 3920 dt
330 3841 422 3916 litim
450 3838 644 3930 inducere,
680 3853 757 3912 tum
783 3840 884 3914 tarde
910 3861 955 3923 ex
982 3854 1112 3916 ventre
1143 3839 1343 3918 discedere?

270 3941 308 4018 dc
328 3959 463 4036 corpus
492 3935 635 4014 flatibus
662 3935 862 4016 distendere
888 3935 1011 4014 docet.
1068 3938 1241 4016 Ceterum
1266 3962 1342 4033 pa·

1227 4056 1338 4136 nem,
