2626 4804
225 227 450 308 rumam
479 219 797 306 miscrorum
973 249 1044 326 315

9 413 149 502 mimus,
177 409 616 488 eoloratisdrnitentibus
634 407 835 484 attollimur
859 409 975 482 veluti
1004 408 1062 488 ln'

15 508 184 606 cogitando
208 510 244 583 u
266 507 396 584 sursum
427 508 597 603 rapimur.
656 506 781 600 Atque
810 507 872 582 lux
900 508 1045 602 quidem

16 605 188 696 radiissuis,
201 606 347 682 nostros
364 606 402 680 in
418 607 549 679 oculos
560 603 808 696 illabentibus,
824 602 1044 700 splendidam

18 704 143 778 univers]
169 703 378 780 struituram
412 703 551 777 indicat
580 701 819 799 potiffimum,
854 723 1041 778 common·

13 801 142 895 sintque
174 803 267 876 adeo
292 799 478 875 Creatoris
510 821 644 896 opera,
679 819 786 894 quam
815 801 883 875 srnt
912 801 1042 892 nitida,

12 921 94 992 quam
118 916 201 996 apta
232 898 365 974 nostris
394 897 534 989 uibus,
569 917 675 991 quam
706 897 879 996 ingentia.
950 898 1043 974 Non

9 993 134 1090 figuram
168 998 281 1071 modo
311 996 346 1069 dt
375 994 683 1092 magnitudinem,
720 993 780 1069 sed
815 995 1043 1072 venustatem

9 1115 132 1186 quoque
155 1095 264 1170 nobis
287 1095 486 1189 proponit,
514 1095 681 1168 colorum
707 1092 746 1168 in
774 1093 1044 1190 magnificentia

9 1193 140 1266 maxime
161 1191 416 1288 effulgentem,
444 1191 505 1285 qui
531 1191 620 1286 licet
643 1189 724 1285 ipfis
742 1189 824 1266 sane
849 1191 887 1265 in
910 1213 1042 1286 corpo·

9 1287 87 1360 ribus
108 1289 200 1364 haud
226 1289 334 1364 lnsrnt
361 1291 473 1381 tales,
502 1289 624 1384 quales
653 1289 803 1362 anobis
826 1289 1042 1384 sentiuntur,

9 1383 116 1462 borum
139 1403 259 1464 tamen
277 1409 297 1460 e
316 1399 445 1468 murra
464 1387 589 1476 varia,
618 1384 816 1480 superficiei
832 1387 1041 1482 presertim,

14 1482 164 1560 rationem
181 1485 274 1560 haud
297 1481 513 1580 postremam
534 1495 706 1578 repetunt
720 1483 789 1558 suae
806 1485 840 1559 dr
858 1484 1041 1559 diversrta-

17 1577 51 1650 ris
68 1579 95 1652 ἀ
115 1583 312 1680 elegantia.
376 1580 503 1675 Itaque
530 1581 719 1676 Sapienter
746 1581 908 1657 Milesius
938 1603 1041 1658 mun·

15 1675 78 1750 dum
96 1679 185 1754 dixit
204 1678 331 1772 erispa
351 1673 397 1748 ri
418 1673 491 1750 0ιὶ
514 1671 681 1766 admiror,
709 1691 841 1776 utpote
872 1679 932 1773 qui
963 1693 1040 1756 tan·

13 1787 68 1847 tam
92 1777 139 1850 sul
167 1777 326 1853 ostentat
358 1777 618 1852 formositatem
649 1799 690 1852 ae
718 1777 1039 1872 pulchritudinem,

12 1873 153 1962 quantam
175 1875 236 1969 qui
262 1875 378 1949 oculis
403 1873 612 1968 subjecere,
642 1875 770 1950 animis
797 1899 898 1969 aeque
918 1877 1039 1953 metiri

11 1987 131 2046 ornnem
152 1973 245 2046 haud
265 1994 423 2065 unquam
447 1969 589 2066 poffint.
640 1973 714 2076 Qui
736 1975 926 2046 oculorum
946 1973 1038 2048 tristi

9 2066 75 2140 insu
103 2073 213 2146 amisit
247 2069 377 2161 usum,
422 2068 597 2166 persentit
627 2069 769 2144 demum
803 2071 836 2144 u
867 2071 1040 2165 intelligit

17 2182 123 2252 quanto
147 2167 288 2266 gavisus
314 2168 433 2243 fuerat
460 2165 665 2256 beneficio,
693 2181 834 2262 quanta
860 2169 1038 2244 obruatur

22 2263 196 2341 calamitatis
219 2266 341 2340 taedio.
392 2264 532 2340 Contra
554 2265 691 2338 nobilis
717 2264 946 2360 illeAnglus,
969 2287 1035 2340 cae-
1177 2326 1192 2342 ,

18 2375 61 2430 rus
73 2376 189 2453 nanu,
216 2365 316 2438 simul
333 2385 375 2438 ac
391 2363 625 2438 Medicorum
644 2375 722 2438 arte
742 2361 855 2436 visum
878 2361 1034 2458 adultus,

14 2451 129 2534 lilledo
145 2463 385 2558 glaucomate,
408 2461 562 2556 recepit,
581 2473 681 2536 tanta
697 2458 859 2555 perfusus
876 2459 948 2534 fuit
967 2483 1035 2534 vo·
1062 2503 1067 2521 ι

11 2549 123 2644 luptate
141 2559 232 2634 novi
253 2560 287 2631 dr
312 2558 493 2654 inopinati
515 2557 727 2655 spestaculi,
751 2571 793 2631 ut
809 2557 1038 2650 obstupuerit

10 2650 115 2746 plane,
138 2657 170 2732 dr
190 2657 370 2730 attonitus
390 2656 467 2732 fere
488 2655 622 2751 gaudio
639 2655 825 2730 defecerit.
888 2655 1035 2732 Etenim
1067 2745 1069 2752 Ι

11 2749 81 2836 quid
107 2756 297 2844 amenius,
335 2753 421 2848 quid
452 2753 583 2845 ditius,
618 2753 705 2848 quid
736 2753 1034 2847 concipimente

10 2849 107 2932 potest
120 2852 319 2950 augustius,
345 2872 451 2945 quam
467 2851 593 2926 sereno
609 2847 737 2926 estatis
755 2851 835 2943 die,
861 2851 945 2926 solis
963 2853 1035 2926 late

9 2957 153 3034 regnante
187 2949 386 3044 spendore,
432 2949 588 3023 editiore
616 2949 812 3024 nonnihil
843 2971 863 3024 e
890 2947 1033 3041 secessu,
1148 2971 1153 2987 ·

10 3055 191 3136 ,camporum
206 3060 352 3140 aequora
364 3046 498 3140 plantis
519 3045 650 3120 vestita
662 3045 855 3140 herbisque
871 3061 1034 3120 contem·
1172 3118 1176 3129 ,

10 3136 99 3242 plari,
123 3145 159 3218 id
179 3145 231 3218 est
254 3143 398 3238 pascere
421 3143 551 3218 oculos
567 3145 665 3218 mille
684 3143 913 3218 flosculorum
930 3145 1034 3218 varie

10 3243 271 3316 internitentium
288 3241 495 3332 coloribus,
519 3241 656 3338 quibua¹
664 3239 780 3314 veluti
801 3239 950 3332 stellulis
967 3241 1033 3314 tel-

12 3325 96 3410 lurem
129 3341 271 3416 Natura
304 3337 550 3426 interstinxit3
595 3357 819 3432 quorumque
852 3350 953 3412 tanta
981 3335 1033 3414 est

11 3423 205 3529 formositas,
234 3451 276 3510 ut
295 3459 360 3532 par
378 3457 553 3532 nusquam
573 3435 774 3532 reperiatur
799 3433 895 3512 aliai

25 3619 30 3632 .
62 3535 166 3642 ,Qffl'ss
190 3531 356 3628 profesio
376 3533 419 3608 ad
434 3532 633 3608 satietatem
655 3555 770 3628 usque
790 3535 940 3634 miratus
955 3534 1032 3608 fue·
1154 3569 1163 3590 ·

11 3637 45 3700 nr
60 3649 90 3704 m
109 3636 238 3708 Prome
262 3645 338 3706 tunt
358 3631 656 3706 innumerabilem
679 3632 949 3709 multitudirmm
968 3653 1031 3706 co-

10 3713 118 3832 lurum,
153 3730 283 3824 quibus
303 3727 434 3804 ludunt
457 3728 624 3803 tenaces
649 3727 742 3802 dorsr
772 3749 923 3824 pennu,
953 3741 1032 3806 tum

11 3811 177 3912 llpoitam
201 3825 408 3904 inimitabili
433 3837 510 3912 arte
531 3827 619 3904 binc
648 3825 841 3902 crescentis
865 3829 948 3902 inde
970 3827 1030 3901 de·

12 3918 139 4000 i'stratis
155 3923 362 4024 splendoris,
376 3923 543 4020 speeiem.
593 3922 724 4032 Quidi
741 3925 955 4025 Amaryllida
974 3925 1029 3994 lo-

934 4041 1027 4124 quor
