2714 4768
180 225 219 316 ,⁶
271 224 272 228 ‘
485 211 653 296 mount
685 213 984 346 enassrcr:

195 399 263 474 bus
282 396 375 488 illis,
395 399 474 494 alia
494 400 620 489 diaeta,
646 395 811 472 resumtis
833 399 956 470 derruo
974 397 1160 492 paululum
1177 397 1278 472 viri-

196 499 286 587 b'us,
315 495 481 571 sanorum
500 510 654 573 numero
674 495 983 583 adscriberentur,
1009 495 1188 589 cumipse
1208 497 1276 569 vi-

197 609 243 667 ta
269 593 349 687 spe,
382 595 569 688 pristinam
599 595 731 668 iterum
761 592 877 666 vitam
911 593 1157 682 inchoabant;
1186 616 1272 688 quo

196 691 329 768 fastum
347 693 421 785 est,
448 710 490 767 ut
508 693 687 788 opinione
703 691 834 782 citius,
862 691 899 764 in
917 713 1017 781 eam,
1045 714 1090 764 ex
1109 715 1178 785 qua
1196 692 1270 766 vix

197 791 307 882 elapsi
335 804 460 883 erant,
496 790 673 870 miseriam
708 787 825 863 rursus
858 791 1118 864 relaberentur.
1188 789 1267 863 Hic

195 889 369 981 morbus,
393 904 435 962 ut
455 890 489 961 dr
508 890 645 981 ceteri,
677 887 851 962 infensior
873 887 977 981 ipsu,
1004 887 1135 975 inoris
1152 887 1267 984 mari·

194 986 318 1076 timis,
344 1010 450 1081 quam
470 987 507 1061 in
523 988 602 1074 ¹alto
624 988 779 1082 pelago,
805 985 856 1060 est
874 984 1010 1074 hostis;
1033 1007 1139 1077 nam,
1166 983 1266 1060 datis

195 1096 313 1158 vento
332 1086 448 1175 velis,
475 1085 509 1158 u
532 1086 638 1158 navis
662 1082 884 1175 quassatione
907 1083 962 1175 dt,
994 1106 1068 1177 quo
1092 1097 1180 1158 tunc
1204 1083 1267 1156 in·

20 1255 23 1266 ,
64 1225 95 1280 ‚·
194 1182 322 1278 primis
350 1196 598 1276 occupantur,
630 1185 743 1275 opere
761 1181 893 1254 fortius
913 1195 1134 1274 moventur,
1161 1181 1267 1255 unde

195 1281 304 1353 etiam
325 1281 369 1354 ad
389 1279 530 1354 Indiam
555 1280 771 1354 orientalem
795 1278 1031 1374 navigantes,
1062 1279 1278 1352 constanti·.

194 1379 262 1452 bus
290 1381 385 1452 inter
415 1379 584 1474 tropicos
616 1376 761 1466 ventis,
796 1376 1014 1450 ascorbuto
1047 1379 1266 1471 plerumque

61 1553 67 1564 ,
194 1476 373 1551 immunes
399 1475 501 1569 sunt,
530 1476 591 1570 qui
616 1489 737 1548 tamen
762 1475 918 1548 maxime
947 1497 1011 1547 eos
1038 1475 1264 1570 adgreditur,

194 1595 276 1672 cum
304 1574 425 1648 sedato
449 1576 538 1648 mari
560 1573 593 1647 &
612 1572 698 1648 navi
718 1573 816 1646 nulla
834 1573 871 1644 vi
893 1587 1088 1646 ventorum
1109 1571 1185 1646 ada
1206 1573 1262 1646 se·

194 1687 335 1747 runtur.
387 1673 488 1747 Idem
510 1671 753 1762 nostratibus,
780 1670 937 1744 statione
959 1671 1170 1762 utentibus,
1200 1691 1265 1744 ac=

195 1769 307 1858 cidit,
336 1770 651 1864 quorumcumX
674 1769 718 1841 ad
743 1769 836 1859 XV,
864 1770 901 1841 in
929 1768 1113 1842 maritimo
1141 1767 1263 1858 cursu,

194 1869 340 1965 singulis
365 1867 512 1958 diebus,
541 1867 579 1940 in
598 1865 701 1940 classe
718 1865 905 1956 universa,
933 1865 1073 1939 morbis
1097 1867 1279 1959 corripe.

194 1980 341 2057 rentur,
369 1979 551 2059 occupato
570 1978 701 2059 portu,
726 1963 919 2056 prasertim
937 1964 1031 2058 apud
1046 1963 1263 2037 Gotbobur·

195 2085 278 2162 gum
307 2063 428 2154 XXX,
460 2063 546 2154 XL,
580 2063 667 2156 quin
698 2062 811 2135 immo
842 2060 896 2154 L,
932 2063 969 2134 in
1002 2062 1261 2156 aegrotantium

196 2162 363 2257 quotidie
393 2181 585 2235 numerum
617 2161 861 2248 accedebant,
898 2160 958 2253 qui
990 2172 1112 2232 tamen
1143 2159 1261 2233 mani-

195 2261 285 2334 feste
309 2261 560 2350 minuebatur,
588 2273 629 2331 ut
654 2262 808 2350 primum
831 2258 866 2331 se
890 2258 980 2333 mari
1008 2257 1130 2332 denuo
1158 2277 1277 2330 com-·

195 2356 395 2432 mitterent.
445 2355 535 2429 Inde
552 2359 825 2448 nullo‘apparet
841 2357 1017 2450 negotio,
1043 2377 1149 2448 quam
1167 2355 1262 2428 utile

196 2457 257 2543 nt,
287 2454 490 2552 &quoque
516 2452 771 2541 necessarium,
798 2467 840 2525 ut
867 2452 989 2525 classes
1016 2455 1078 2525 tali
1109 2453 1279 2545 expedi·

195 2550 292 2627 tloni
325 2550 533 2642 destinata,
568 2551 764 2640 stationes,
797 2550 850 2622 uti
879 2549 1064 2645 pestiferas
1098 2552 1260 2640 evitent,

196 2654 259 2725 vel
290 2651 412 2724 saltem
445 2671 489 2742 ap
519 2650 598 2723 ullu
630 2647 673 2720 ad
703 2649 828 2721 littora
859 2649 1037 2737 navibus,
1068 2662 1187 2721 nauta
1218 2648 1261 2723 in

145 2801 148 2807 -
198 2749 450 2824 continentem
481 2673 538 2838 ζ,
568 2746 695 2840 quavis
718 2745 800 2818 data
825 2747 1039 2837 occasione,
1062 2745 1261 2839 recipiant,

198 2867 272 2944 quo
303 2847 518 2938 &corpora
552 2841 750 2934 movendi,
785 2843 963 2918 &libero
990 2843 1081 2916 'a‘e're
1113 2843 1278 2916 fruendi·

198 2941 314 3019 ansam
342 2941 604 3017 nanciscantur:
728 2961 760 3004 1*
1271 2965 1278 3006 :

295 3041 417 3130 Dani,
451 3035 546 3112 b'inis
581 3040 654 3112 istis
687 3037 891 3128 menslbus,
927 3061 1008 3112 cum
1041 3037 1186 3111 nostros
1218 3037 1280 3113 in.

198 3141 377 3216 Fleclrcrli
402 3139 663 3231 Norvegorum
684 3137 949 3231 operirentur,
984 3135 1066 3209 suos
1093 3134 1279 3229 quotidie*

200 3237 619 3323 exscenderotllverunt,
644 3237 769 3308 lisdem
789 3255 943 3328 ⁴quoque
965 3233 1027 3308 sub
1046 3245 1126 3307 tota
1149 3255 1261 3327 expe·

198 3335 341 3409 ditione
366 3335 457 3422 illa,
471 3333 555 3406 satis
577 3335 673 3406 belle
695 3345 784 3406 erat.

299 3432 341 3504 ln
374 3433 580 3504 triremibus
613 3433 637 3524 (
650 3424 820 3518 Galerer).
848 3424 1088 3524 degentibus,
1124 3426 1278 3523 quibus·

200 3530 323 3603 endan
346 3525 603 3622 atque'rrostris
621 3528 820 3618 classiariis,
843 3528 1014 3600 alimenta
1036 3528 1281 3621 probentur,-

200 3628 425 3727 candemque'
440 3649 520 3700 cum
540 3628 712 3702 hauriunt
727 3647 868 3714 auram,
890 3624 1021 3698 fedius
1034 3639 1154 3699 tamen
1170 3595 1277 3695 sem.

198 3741 263 3821 per
282 3728 417 3798 valent.
462 3725 629 3798 Tantum
656 3743 749 3798 vero
771 3723 992 3797 valemdinis
1015 3723 1111 3796 unde
1136 3720 1260 3795 discri-

197 3821 308 3898 men?
357 3813 469 3896 Ratio
489 3822 526 3895 in
550 3837 696 3917 promtu
721 3822 783 3896 est.
832 3821 875 3896 In
899 3841 1020 3919 ramos
1040 3821 1083 3894 hi
1105 3820 1139 3893 &
1158 3819 1281 3910 vela,-

198 3920 445 4027 ingentium
476 3921 624 4014 labore,
658 3919 838 4012 interdiu,
870 3915 907 3992 u
931 3917 1075 4012 quidem
1101 3915 1166 3994 sub
1192 3914 1282 4028 dio·

220 4045 238 4084 .·
273 4052 277 4070 ·
1202 4035 1260 4090 rn-
