2604 4786
262 259 335 334 ²74
505 228 781 308 AUCTORES
811 225 1073 308 BOTANICI.
1161 243 1168 260 ·

261 437 332 512 que
350 407 560 508 consulere,
585 409 647 504 qui
666 407 802 501 aliquid
823 408 895 482 hoc
914 407 952 483 in
968 405 1167 482 studiorum
1188 429 1295 504 genere

110 507 113 519 ’
147 589 152 600 ,
260 512 413 610 posuere
440 530 583 603 operae,
619 519 693 582 tam
717 508 835 604 largus
857 500 928 580 sese
951 507 1039 582 mihi
1060 501 1196 580 obtulit
1216 506 1293 602 inge

261 614 407 688 niorum
432 620 659 701 proventus,
692 617 752 695 ut,
791 603 1023 680 multitudine
1045 603 1199 678 obrutus
1222 602 1292 678 &in

258 699 370 785 bivio
400 704 495 798 quasr
520 703 688 782 Herculis
711 701 951 793 constitutus,
987 724 1083 797 quoe
1106 699 1292 796 potillimuu

263 809 453 902 sequerer,
490 819 618 893 quove
639 819 849 896 pergerem,
880 798 1079 888 nescirem,
1110 798 1225 874 donec
1243 819 1291 892 pro

264 928 330 996 ea,
371 920 440 998 qua
467 898 518 992 est
546 897 584 972 in
607 895 807 990 Auditores
835 896 942 991 suos,
983 895 1228 994 benignitate,
1258 893 1289 968 ll

263 990 415 1089 Praeses,
463 993 650 1071 fluuuanu
681 991 916 1088 succurrerit,
957 994 1075 1071 facem
1100 993 1288 1088 protulerit,

265 1101 437 1190 viamque
490 1090 699 1169 monstrarit
750 1091 837 1172 mihi
891 1091 1043 1188 aliisque
1094 1091 1286 1180 calcandam,

268 1194 430 1274 omnium
456 1189 679 1268 certillimam
709 1185 1027 1288 brevisslmamque.
1119 1212 1175 1266 ue
1201 1207 1281 1284 qum·

135 1295 153 1328 ⁸
266 1295 326 1368 vis
349 1293 400 1366 ite
421 1291 509 1376 srnt,
533 1277 622 1364 mihi
647 1297 769 1362 tamen
792 1287 891 1361 rorte
912 1285 1078 1386 ignoscet
1131 1283 1277 1364 encule

268 1391 369 1482 blot,
406 1388 454 1484 ss,
490 1385 671 1481 specimen
694 1383 842 1478 aliquod
868 1383 1117 1464 academicum
1144 1387 1181 1462 in
1205 1385 1280 1458 luem

268 1489 451 1579 editurus,
491 1482 598 1579 prisci
612 1483 616 1492 '
632 1480 866 1577 &sequioris
897 1483 965 1557 aevi
992 1483 1196 1560 Botanioos
1219 1485 1283 1554 erlr·

267 1590 397 1676 bearn,
423 1581 486 1678 qui
506 1579 568 1655 vel
590 1599 759 1678 magnum
780 1581 815 1654 dr
840 1581 1077 1656 memorabile
1100 1580 1236 1677 aliquod
1255 1577 1269 1649 l
1280 1615 1288 1634 ·

270 1688 374 1760 cinus
391 1683 430 1756 in
453 1702 494 1754 re
510 1679 677 1754 herbaria
693 1675 956 1772 prestiterunt,
981 1679 1045 1754 vel
1061 1679 1148 1776 qui,
1171 1678 1220 1753 his
1235 1671 1288 1748 lon·

268 1801 315 1878 ge
345 1778 561 1870 inferiores,
594 1773 799 1862 sputamen
827 1776 1009 1852 intereos
1035 1777 1188 1852 nomina
1211 1767 1290 1870 prol·

269 1877 339 1956 teri
366 1877 588 1967 voluerunt,
623 1891 774 1972 magnos
806 1872 1016 1950 licetinter
1039 1870 1245 1974 scriptores,
1276 1887 1290 1940 ι

268 1972 572 2073 sapientioribus,
603 1991 682 2048 uon
702 1969 917 2050 referantur.

691 2157 697 2166 “
729 2162 764 2253 §.
812 2153 863 2234 Π.

366 2280 638 2379 spammffimos
658 2279 859 2358 Botanices
885 2282 1035 2378 campos
1062 2301 1147 2358 cum
1170 2273 1289 2376 inumb

270 2397 329 2459 tur
347 2382 506 2456 scientiae
532 2382 639 2476 huius
657 2377 865 2472 studiosus,
891 2393 952 2455 tot
979 2381 1078 2458 illurn
1104 2375 1291 2469 circumdent

270 2479 494 2575 Scriptorum
521 2493 700 2570 caterve,
731 2492 773 2552 ut
799 2476 843 2552 ad
868 2475 981 2554 solum
1008 2478 1231 2574 conspersum
1249 2472 1266 2544 d
1282 2505 1294 2556 ·:

264 2579 353 2660 ‚blus
374 2577 509 2652 haerere
535 2575 719 2670 occipiat,
753 2595 908 2670 quorum
936 2573 1122 2652 secuturus
1141 2577 1183 2654 lit
1203 2579 1294 2656 arnul

264 2695 425 2770 ⁴quorum
447 2673 706 2748 detrectatorus
729 2673 908 2753 militiam.
965 2673 1047 2771 Ego
1070 2697 1186 2764 vero,
1211 2665 1290 2744 lacui·

265 2787 384 2854 ,tatum
402 2768 497 2844 ratio
518 2785 559 2844 ut
580 2770 777 2861 habeatur,
802 2769 896 2846 haud
916 2771 1082 2869 exiguam
1105 2789 1223 2848 eorum
1238 2783 1293 2860 pur

266 2883 366 2962 tem,
401 2867 520 2958 srcco,
553 2865 652 2962 quod
676 2869 800 2962 ajunt,
823 2870 939 2963 pede,
965 2871 1146 2964 preterii,
1178 2866 1232 2960 qui
1252 2855 1293 2932 vel

267 2966 375 3058 mihi,
398 2986 468 3059 qua
482 2963 678 3058 Botanico,
705 2987 783 3042 non
801 2966 1055 3060 inservierunt,
1079 2969 1142 3042 vel
1159 2961 1290 3040 adscim·

235 3105 238 3108 ·
268 3066 330 3140 tlae
350 3065 573 3146 incrementa
588 3075 661 3137 tam
677 3085 800 3156 parum
815 3066 1073 3156 contulerunt,
1099 3080 1141 3140 ut
1157 3061 1292 3154 indignor

268 3160 530 3258 judicaverim,
555 3160 616 3255 qui
638 3160 897 3236 Botanicorum
920 3164 1066 3238 cohorti
1091 3163 1292 3238 adnumero

269 3273 340 3334 tur.
391 3258 492 3333 ldem
509 3278 655 3352 quoque
679 3257 724 3331 de
740 3258 812 3332 illis
831 3257 964 3336 didlunr
978 3259 1078 3351 esto,
1104 3261 1185 3354 qui,
1211 3255 1288 3328 nou

267 3356 362 3454 picis
395 3355 585 3450 principiis
613 3375 691 3430 non
721 3355 934 3454 adsuefacti,
968 3355 1068 3452 spilla
1096 3358 1141 3433 de
1163 3363 1291 3450 lurum

266 3458 400 3532 curura
424 3452 459 3526 dr
480 3459 669 3548 plantarum
696 3455 824 3528 uiribus
864 3455 902 3528 in
932 3453 1118 3568 publicum
1146 3437 1288 3550 protruse-

269 3562 357 3626 runt
377 3549 579 3624 volumlma.
641 3552 908 3629 ,emmeramme
929 3573 968 3628 ιιι
986 3567 1151 3627 veterum
1173 3545 1290 3637 scriptis

271 3645 571 3743 Disputationum
585 3647 870 3740 peculiarium&
887 3651 1211 3746 monographorum
1228 3655 1290 3738 com

268 3742 446 3836 sectores,
473 3744 576 3820 hisce
594 3743 763 3841 adiungo.
812 3745 937 3821 Patres
955 3748 1043 3821 item
1059 3745 1221 3829 Grecos,
1238 3733 1289 3846 liu

266 3863 418 3930 manos,
447 3841 587 3914 Arabes
607 3839 804 3916 &Barbari
823 3845 893 3918 aevi
910 3843 1103 3940 scriptores
1121 3844 1226 3926 alios,
1245 3849 1289 3902 rm

266 3961 330 4020 mo
348 3938 383 4015 dr
402 3959 468 4015 eos
486 3936 633 4032 exclusi,
660 3939 736 4032 qui,
755 3941 843 4015 artis
858 3957 1041 4039 expertes,
1069 3962 1141 4018 uno
1160 3941 1289 4098 ιιιειιιιιῶιί
