<?xml version="1.0" encoding="UTF-8"?>
<!DOCTYPE html PUBLIC "-//W3C//DTD XHTML 1.0 Transitional//EN"
    "http://www.w3.org/TR/xhtml1/DTD/xhtml1-transitional.dtd">
<html xmlns="http://www.w3.org/1999/xhtml" xml:lang="en" lang="en">
 <head>
  <title>
</title>
<meta http-equiv="Content-Type" content="text/html;charset=utf-8" />
  <meta name='ocr-system' content='tesseract 3.04.00' />
  <meta name='ocr-capabilities' content='ocr_page ocr_carea ocr_par ocr_line ocrx_word'/>
</head>
<body>
  <div class='ocr_page' id='page_1' title='image "./carolialinnequi05schrgoog_0179.png"; bbox 0 0 2630 4776; ppageno 0'>
   <div class='ocr_carea' id='block_1_1' title="bbox 196 150 1201 316">
    <p class='ocr_par' dir='ltr' id='par_1_1' title="bbox 196 150 1201 316">
     <span class='ocr_line' id='line_1_1' title="bbox 196 150 1201 316; baseline 0 -26"><span class='ocrx_word' id='word_1_1' title='bbox 196 219 200 227; x_wconf 71' lang='grc'>’</span> <span class='ocrx_word' id='word_1_2' title='bbox 233 217 302 300; x_wconf 70' lang='lat'>1⁶8</span> <span class='ocrx_word' id='word_1_3' title='bbox 327 150 733 316; x_wconf 54' lang='lat' dir='ltr'>&#39;medicantum</span> <span class='ocrx_word' id='word_1_4' title='bbox 763 212 1201 292; x_wconf 78' lang='lat' dir='ltr'>oaavaomrmra.</span> 
     </span>
    </p>
   </div>
   <div class='ocr_carea' id='block_1_2' title="bbox 128 391 1311 1177">
    <p class='ocr_par' dir='ltr' id='par_1_2' title="bbox 128 391 1311 1177">
     <span class='ocr_line' id='line_1_2' title="bbox 128 391 1310 492; baseline -0.003 -22"><span class='ocrx_word' id='word_1_5' title='bbox 128 427 158 484; x_wconf 64' lang='grc' dir='ltr'><strong>ς</strong></span> <span class='ocrx_word' id='word_1_6' title='bbox 229 394 318 470; x_wconf 90' lang='lat' dir='ltr'>mihi</span> <span class='ocrx_word' id='word_1_7' title='bbox 337 393 529 481; x_wconf 89' lang='lat' dir='ltr'>videntur,</span> <span class='ocrx_word' id='word_1_8' title='bbox 555 395 643 488; x_wconf 90' lang='lat' dir='ltr'>quin</span> <span class='ocrx_word' id='word_1_9' title='bbox 666 396 830 469; x_wconf 88' lang='lat' dir='ltr'>ulteriori</span> <span class='ocrx_word' id='word_1_10' title='bbox 851 396 1012 492; x_wconf 83' lang='lat' dir='ltr'>indigeat</span> <span class='ocrx_word' id='word_1_11' title='bbox 1026 391 1310 480; x_wconf 66' lang='lat' dir='ltr'>illustratione,</span> 
     </span>
     <span class='ocr_line' id='line_1_3' title="bbox 228 485 1310 587; baseline -0.001 -22"><span class='ocrx_word' id='word_1_12' title='bbox 228 485 466 587; x_wconf 72' lang='lat' dir='ltr'>prieterquam</span> <span class='ocrx_word' id='word_1_13' title='bbox 491 494 587 570; x_wconf 85' lang='lat' dir='ltr'>enin</span> <span class='ocrx_word' id='word_1_14' title='bbox 615 494 711 586; x_wconf 90' lang='lat' dir='ltr'>quod</span> <span class='ocrx_word' id='word_1_15' title='bbox 728 491 958 586; x_wconf 83' lang='lat' dir='ltr'>Repelientia</span> <span class='ocrx_word' id='word_1_16' title='bbox 978 517 1061 568; x_wconf 91' lang='lat' dir='ltr'>cum</span> <span class='ocrx_word' id='word_1_17' title='bbox 1085 506 1173 566; x_wconf 89' lang='lat' dir='ltr'>toto</span> <span class='ocrx_word' id='word_1_18' title='bbox 1206 489 1310 564; x_wconf 84' lang='lat' dir='ltr'>coelu</span> 
     </span>
     <span class='ocr_line' id='line_1_4' title="bbox 231 587 1310 684; baseline -0.001 -20"><span class='ocrx_word' id='word_1_19' title='bbox 231 587 379 664; x_wconf 78' lang='lat' dir='ltr'>diversis</span> <span class='ocrx_word' id='word_1_20' title='bbox 404 587 684 670; x_wconf 84' lang='lat' dir='ltr'>Resolventibus</span> <span class='ocrx_word' id='word_1_21' title='bbox 711 609 890 684; x_wconf 90' lang='lat' dir='ltr'>perpetuo</span> <span class='ocrx_word' id='word_1_22' title='bbox 913 591 1164 676; x_wconf 86' lang='lat' dir='ltr'>confundant,</span> <span class='ocrx_word' id='word_1_23' title='bbox 1193 589 1310 662; x_wconf 81' lang='lat' dir='ltr'>Sicca</span> 
     </span>
     <span class='ocr_line' id='line_1_5' title="bbox 231 685 1310 784; baseline -0.004 -21"><span class='ocrx_word' id='word_1_24' title='bbox 231 691 362 775; x_wconf 87' lang='lat' dir='ltr'>etiam,</span> <span class='ocrx_word' id='word_1_25' title='bbox 387 685 546 776; x_wconf 88' lang='lat' dir='ltr'>Viscida,</span> <span class='ocrx_word' id='word_1_26' title='bbox 571 689 738 783; x_wconf 84' lang='lat' dir='ltr'>Styptica</span> <span class='ocrx_word' id='word_1_27' title='bbox 754 689 787 760; x_wconf 77' lang='lat' dir='ltr'>dt</span> <span class='ocrx_word' id='word_1_28' title='bbox 806 691 874 763; x_wconf 88' lang='lat' dir='ltr'>alia</span> <span class='ocrx_word' id='word_1_29' title='bbox 891 689 1010 784; x_wconf 91' lang='lat' dir='ltr'>sapida</span> <span class='ocrx_word' id='word_1_30' title='bbox 1026 711 1093 782; x_wconf 93' lang='lat' dir='ltr'>pro</span> <span class='ocrx_word' id='word_1_31' title='bbox 1110 688 1310 781; x_wconf 89' lang='lat' dir='ltr'>repellen-</span> 
     </span>
     <span class='ocr_line' id='line_1_6' title="bbox 230 783 1307 880; baseline -0.005 -18"><span class='ocrx_word' id='word_1_32' title='bbox 230 789 329 864; x_wconf 88' lang='lat' dir='ltr'><strong>tibus</strong></span> <span class='ocrx_word' id='word_1_33' title='bbox 354 785 576 876; x_wconf 77' lang='lat' dir='ltr'>venditant,</span> <span class='ocrx_word' id='word_1_34' title='bbox 605 810 683 880; x_wconf 81' lang='lat' dir='ltr'>quae</span> <span class='ocrx_word' id='word_1_35' title='bbox 710 799 832 862; x_wconf 88' lang='lat' dir='ltr'>tamen</span> <span class='ocrx_word' id='word_1_36' title='bbox 858 805 1007 862; x_wconf 83' lang='lat' dir='ltr'>externe</span> <span class='ocrx_word' id='word_1_37' title='bbox 1035 787 1231 880; x_wconf 83' lang='lat' dir='ltr'>applicata</span> <span class='ocrx_word' id='word_1_38' title='bbox 1262 783 1307 857; x_wconf 86' lang='lat' dir='ltr'>ad</span> 
     </span>
     <span class='ocr_line' id='line_1_7' title="bbox 228 881 1311 983; baseline -0.002 -25"><span class='ocrx_word' id='word_1_39' title='bbox 228 898 352 983; x_wconf 89' lang='lat' dir='ltr'>partes</span> <span class='ocrx_word' id='word_1_40' title='bbox 381 883 574 958; x_wconf 87' lang='lat' dir='ltr'>interiores</span> <span class='ocrx_word' id='word_1_41' title='bbox 602 884 697 960; x_wconf 88' lang='lat' dir='ltr'>laesas</span> <span class='ocrx_word' id='word_1_42' title='bbox 725 908 908 979; x_wconf 89' lang='lat' dir='ltr'>nunquam</span> <span class='ocrx_word' id='word_1_43' title='bbox 939 885 1192 978; x_wconf 88' lang='lat' dir='ltr'>perveniunt,</span> <span class='ocrx_word' id='word_1_44' title='bbox 1222 881 1262 956; x_wconf 80' lang='lat' dir='ltr'>dc</span> <span class='ocrx_word' id='word_1_45' title='bbox 1281 881 1311 956; x_wconf 63' lang='lat' dir='ltr'>fil</span> 
     </span>
     <span class='ocr_line' id='line_1_8' title="bbox 230 982 1305 1077; baseline -0.007 -18"><span class='ocrx_word' id='word_1_46' title='bbox 230 1005 278 1060; x_wconf 89' lang='lat' dir='ltr'>eo</span> <span class='ocrx_word' id='word_1_47' title='bbox 298 982 357 1054; x_wconf 90' lang='lat' dir='ltr'>vel</span> <span class='ocrx_word' id='word_1_48' title='bbox 380 994 613 1074; x_wconf 85' lang='lat' dir='ltr'>penetrarent</span> <span class='ocrx_word' id='word_1_49' title='bbox 630 985 807 1072; x_wconf 86' lang='lat' dir='ltr'>maxime,</span> <span class='ocrx_word' id='word_1_50' title='bbox 830 983 1084 1077; x_wconf 90' lang='lat' dir='ltr'>repellentium</span> <span class='ocrx_word' id='word_1_51' title='bbox 1100 983 1214 1056; x_wconf 88' lang='lat' dir='ltr'>vires</span> <span class='ocrx_word' id='word_1_52' title='bbox 1239 1001 1305 1076; x_wconf 90' lang='lat' dir='ltr'>po·</span> 
     </span>
     <span class='ocr_line' id='line_1_9' title="bbox 229 1079 1160 1177; baseline 0 -20"><span class='ocrx_word' id='word_1_53' title='bbox 229 1082 304 1158; x_wconf 88' lang='lat' dir='ltr'>tius</span> <span class='ocrx_word' id='word_1_54' title='bbox 329 1079 589 1177; x_wconf 84' lang='lat' dir='ltr'>infringerent,</span> <span class='ocrx_word' id='word_1_55' title='bbox 616 1103 721 1176; x_wconf 93' lang='lat' dir='ltr'>quam</span> <span class='ocrx_word' id='word_1_56' title='bbox 747 1084 930 1176; x_wconf 87' lang='lat' dir='ltr'>juvarent.</span> <span class='ocrx_word' id='word_1_57' title='bbox 1075 1149 1080 1156; x_wconf 94' lang='lat'>.</span> <span class='ocrx_word' id='word_1_58' title='bbox 1153 1099 1160 1106; x_wconf 86' lang='lat'><strong>·</strong></span> 
     </span>
    </p>
   </div>
   <div class='ocr_carea' id='block_1_3' title="bbox 672 1215 857 1310">
    <p class='ocr_par' dir='ltr' id='par_1_3' title="bbox 672 1215 857 1310">
     <span class='ocr_line' id='line_1_10' title="bbox 672 1215 857 1310; baseline 0.005 -22"><span class='ocrx_word' id='word_1_59' title='bbox 672 1221 706 1310; x_wconf 67' lang='lat' dir='ltr'>q.</span> <span class='ocrx_word' id='word_1_60' title='bbox 755 1215 857 1289; x_wconf 69' lang='lat' dir='ltr'>xlx:</span> 
     </span>
    </p>
   </div>
   <div class='ocr_carea' id='block_1_4' title="bbox 141 1333 1313 3187">
    <p class='ocr_par' dir='ltr' id='par_1_4' title="bbox 229 1333 1300 1621">
     <span class='ocr_line' id='line_1_11' title="bbox 329 1333 1297 1431; baseline -0.005 -20"><span class='ocrx_word' id='word_1_61' title='bbox 329 1335 386 1411; x_wconf 89' lang='lat' dir='ltr'>Ut</span> <span class='ocrx_word' id='word_1_62' title='bbox 413 1336 522 1431; x_wconf 90' lang='lat' dir='ltr'>igitur</span> <span class='ocrx_word' id='word_1_63' title='bbox 551 1333 680 1406; x_wconf 90' lang='lat' dir='ltr'>melius</span> <span class='ocrx_word' id='word_1_64' title='bbox 710 1333 893 1427; x_wconf 88' lang='lat' dir='ltr'>patescant</span> <span class='ocrx_word' id='word_1_65' title='bbox 919 1333 1074 1430; x_wconf 72' lang='lat' dir='ltr'>iugula,</span> <span class='ocrx_word' id='word_1_66' title='bbox 1109 1351 1297 1426; x_wconf 74' lang='lat' dir='ltr'>ponamus</span> 
     </span>
     <span class='ocr_line' id='line_1_12' title="bbox 231 1431 1300 1524; baseline -0.007 -11"><span class='ocrx_word' id='word_1_67' title='bbox 231 1435 345 1513; x_wconf 80' lang='lat' dir='ltr'>adell&#39;e</span> <span class='ocrx_word' id='word_1_68' title='bbox 372 1434 549 1507; x_wconf 88' lang='lat' dir='ltr'>stimulum</span> <span class='ocrx_word' id='word_1_69' title='bbox 582 1432 618 1504; x_wconf 91' lang='lat' dir='ltr'>in</span> <span class='ocrx_word' id='word_1_70' title='bbox 649 1445 771 1524; x_wconf 85' lang='lat' dir='ltr'>parte,</span> <span class='ocrx_word' id='word_1_71' title='bbox 809 1453 1031 1523; x_wconf 80' lang='lat' dir='ltr'>quaecunque</span> <span class='ocrx_word' id='word_1_72' title='bbox 1064 1431 1205 1518; x_wconf 84' lang='lat' dir='ltr'>fuerit,</span> <span class='ocrx_word' id='word_1_73' title='bbox 1241 1455 1300 1505; x_wconf 81' lang='lat' dir='ltr'>ex·</span> 
     </span>
     <span class='ocr_line' id='line_1_13' title="bbox 229 1527 1297 1621; baseline -0.007 -12"><span class='ocrx_word' id='word_1_74' title='bbox 229 1549 354 1616; x_wconf 83' lang='lat' dir='ltr'>terna3</span> <span class='ocrx_word' id='word_1_75' title='bbox 382 1549 456 1603; x_wconf 92' lang='lat' dir='ltr'>tum</span> <span class='ocrx_word' id='word_1_76' title='bbox 483 1531 579 1601; x_wconf 91' lang='lat' dir='ltr'>hunc</span> <span class='ocrx_word' id='word_1_77' title='bbox 596 1551 768 1602; x_wconf 85' lang='lat' dir='ltr'>amovere</span> <span class='ocrx_word' id='word_1_78' title='bbox 795 1529 1109 1600; x_wconf 82' lang='lat' dir='ltr'>omni&#39;molimine</span> <span class='ocrx_word' id='word_1_79' title='bbox 1132 1527 1211 1621; x_wconf 85' lang='lat' dir='ltr'>ipsa</span> <span class='ocrx_word' id='word_1_80' title='bbox 1233 1551 1297 1604; x_wconf 81' lang='lat' dir='ltr'>na·</span> 
     </span>
    </p>

    <p class='ocr_par' dir='ltr' id='par_1_5' title="bbox 141 1624 1314 2404">
     <span class='ocr_line' id='line_1_14' title="bbox 141 1624 1313 1718; baseline -0.009 -10"><span class='ocrx_word' id='word_1_81' title='bbox 141 1683 151 1708; x_wconf 82' lang='lat'><strong>.</strong></span> <span class='ocrx_word' id='word_1_82' title='bbox 229 1645 312 1705; x_wconf 88' lang='lat' dir='ltr'>tura</span> <span class='ocrx_word' id='word_1_83' title='bbox 334 1627 510 1715; x_wconf 77' lang='lat' dir='ltr'>tentabit3</span> <span class='ocrx_word' id='word_1_84' title='bbox 535 1627 606 1718; x_wconf 89' lang='lat' dir='ltr'>jam</span> <span class='ocrx_word' id='word_1_85' title='bbox 625 1625 786 1698; x_wconf 76' lang='lat' dir='ltr'>citationi</span> <span class='ocrx_word' id='word_1_86' title='bbox 800 1625 989 1697; x_wconf 91' lang='lat' dir='ltr'>humorum</span> <span class='ocrx_word' id='word_1_87' title='bbox 1012 1624 1153 1698; x_wconf 88' lang='lat' dir='ltr'>circulo</span> <span class='ocrx_word' id='word_1_88' title='bbox 1173 1625 1313 1700; x_wconf 49' lang='lat' dir='ltr'>stimu-¹</span> 
     </span>
     <span class='ocr_line' id='line_1_15' title="bbox 230 1721 1295 1818; baseline -0.008 -16"><span class='ocrx_word' id='word_1_89' title='bbox 230 1731 287 1803; x_wconf 90' lang='lat' dir='ltr'>lus</span> <span class='ocrx_word' id='word_1_90' title='bbox 310 1748 385 1799; x_wconf 92' lang='lat' dir='ltr'>non</span> <span class='ocrx_word' id='word_1_91' title='bbox 410 1723 527 1806; x_wconf 79' lang='lat' dir='ltr'>cedit3</span> <span class='ocrx_word' id='word_1_92' title='bbox 553 1743 641 1818; x_wconf 90' lang='lat' dir='ltr'>ergo</span> <span class='ocrx_word' id='word_1_93' title='bbox 661 1721 796 1794; x_wconf 90' lang='lat' dir='ltr'>fortior</span> <span class='ocrx_word' id='word_1_94' title='bbox 820 1722 935 1794; x_wconf 86' lang='lat' dir='ltr'>adhuc</span> <span class='ocrx_word' id='word_1_95' title='bbox 960 1723 1140 1795; x_wconf 87' lang='lat' dir='ltr'>excitatur</span> <span class='ocrx_word' id='word_1_96' title='bbox 1167 1723 1295 1810; x_wconf 86' lang='lat' dir='ltr'>febris,</span> 
     </span>
     <span class='ocr_line' id='line_1_16' title="bbox 228 1819 1297 1914; baseline -0.006 -14"><span class='ocrx_word' id='word_1_97' title='bbox 228 1826 305 1901; x_wconf 90' lang='lat' dir='ltr'>ruit</span> <span class='ocrx_word' id='word_1_98' title='bbox 330 1824 465 1894; x_wconf 92' lang='lat' dir='ltr'>summo</span> <span class='ocrx_word' id='word_1_99' title='bbox 492 1821 629 1911; x_wconf 89' lang='lat' dir='ltr'>impetu</span> <span class='ocrx_word' id='word_1_100' title='bbox 662 1819 799 1913; x_wconf 82' lang='lat' dir='ltr'>sanguis</span> <span class='ocrx_word' id='word_1_101' title='bbox 827 1819 862 1892; x_wconf 90' lang='lat' dir='ltr'>in</span> <span class='ocrx_word' id='word_1_102' title='bbox 894 1833 1029 1914; x_wconf 86' lang='lat' dir='ltr'>partem</span> <span class='ocrx_word' id='word_1_103' title='bbox 1059 1819 1297 1908; x_wconf 87' lang='lat' dir='ltr'>stimulatam,</span> 
     </span>
     <span class='ocr_line' id='line_1_17' title="bbox 229 1917 1299 2014; baseline -0.003 -19"><span class='ocrx_word' id='word_1_104' title='bbox 229 1920 384 2014; x_wconf 79' lang='lat' dir='ltr'>vasaque</span> <span class='ocrx_word' id='word_1_105' title='bbox 397 1918 566 2001; x_wconf 90' lang='lat' dir='ltr'>minima,</span> <span class='ocrx_word' id='word_1_106' title='bbox 595 1918 717 1990; x_wconf 89' lang='lat' dir='ltr'>nervis</span> <span class='ocrx_word' id='word_1_107' title='bbox 734 1917 867 2009; x_wconf 88' lang='lat' dir='ltr'>ubique</span> <span class='ocrx_word' id='word_1_108' title='bbox 884 1919 1068 2010; x_wconf 87' lang='lat' dir='ltr'>amplexa,</span> <span class='ocrx_word' id='word_1_109' title='bbox 1097 1919 1145 1991; x_wconf 85' lang='lat' dir='ltr'>ita</span> <span class='ocrx_word' id='word_1_110' title='bbox 1161 1917 1299 1992; x_wconf 91' lang='lat' dir='ltr'>disten·</span> 
     </span>
     <span class='ocr_line' id='line_1_18' title="bbox 229 2013 1299 2108; baseline -0.006 -14"><span class='ocrx_word' id='word_1_111' title='bbox 229 2020 306 2108; x_wconf 89' lang='lat' dir='ltr'>dit,</span> <span class='ocrx_word' id='word_1_112' title='bbox 329 2031 391 2103; x_wconf 91' lang='lat' dir='ltr'>ut,</span> <span class='ocrx_word' id='word_1_113' title='bbox 418 2015 480 2089; x_wconf 80' lang='lat' dir='ltr'>nisi</span> <span class='ocrx_word' id='word_1_114' title='bbox 508 2028 584 2087; x_wconf 90' lang='lat' dir='ltr'>arte</span> <span class='ocrx_word' id='word_1_115' title='bbox 603 2015 842 2088; x_wconf 89' lang='lat' dir='ltr'>cohibeantur</span> <span class='ocrx_word' id='word_1_116' title='bbox 865 2013 1017 2102; x_wconf 91' lang='lat' dir='ltr'>stimuli,</span> <span class='ocrx_word' id='word_1_117' title='bbox 1044 2015 1224 2088; x_wconf 88' lang='lat' dir='ltr'>humores</span> <span class='ocrx_word' id='word_1_118' title='bbox 1249 2033 1299 2088; x_wconf 92' lang='lat' dir='ltr'>te·</span> 
     </span>
     <span class='ocr_line' id='line_1_19' title="bbox 228 2111 1300 2198; baseline -0.007 -4"><span class='ocrx_word' id='word_1_119' title='bbox 228 2113 409 2194; x_wconf 82' lang='lat' dir='ltr'>nacifflme</span> <span class='ocrx_word' id='word_1_120' title='bbox 439 2112 603 2198; x_wconf 62' lang='lat' dir='ltr'>infudi,</span> <span class='ocrx_word' id='word_1_121' title='bbox 630 2127 798 2185; x_wconf 89' lang='lat' dir='ltr'>manente</span> <span class='ocrx_word' id='word_1_122' title='bbox 828 2112 943 2185; x_wconf 86' lang='lat' dir='ltr'>adhue</span> <span class='ocrx_word' id='word_1_123' title='bbox 969 2111 1256 2187; x_wconf 86' lang='lat' dir='ltr'>&amp;increscente</span> <span class='ocrx_word' id='word_1_124' title='bbox 1281 2137 1300 2186; x_wconf 89' lang='lat' dir='ltr'>a</span> 
     </span>
     <span class='ocr_line' id='line_1_20' title="bbox 230 2209 1300 2310; baseline -0.006 -20"><span class='ocrx_word' id='word_1_125' title='bbox 230 2225 339 2310; x_wconf 71' lang='lat' dir='ltr'>tergo·</span> <span class='ocrx_word' id='word_1_126' title='bbox 357 2213 514 2305; x_wconf 90' lang='lat' dir='ltr'>impetu,</span> <span class='ocrx_word' id='word_1_127' title='bbox 539 2209 663 2285; x_wconf 91' lang='lat' dir='ltr'>omnia</span> <span class='ocrx_word' id='word_1_128' title='bbox 687 2233 854 2303; x_wconf 88' lang='lat' dir='ltr'>rumpere</span> <span class='ocrx_word' id='word_1_129' title='bbox 877 2224 1028 2302; x_wconf 87' lang='lat' dir='ltr'>totaque</span> <span class='ocrx_word' id='word_1_130' title='bbox 1052 2209 1300 2285; x_wconf 83' lang='lat' dir='ltr'>inflammatio</span> 
     </span>
     <span class='ocr_line' id='line_1_21' title="bbox 230 2309 1302 2404; baseline -0.003 -18"><span class='ocrx_word' id='word_1_131' title='bbox 230 2314 271 2386; x_wconf 90' lang='lat' dir='ltr'>in</span> <span class='ocrx_word' id='word_1_132' title='bbox 298 2325 410 2383; x_wconf 86' lang='lat' dir='ltr'>atram</span> <span class='ocrx_word' id='word_1_133' title='bbox 433 2331 677 2404; x_wconf 72' lang='lat' dir='ltr'>gangrenam,</span> <span class='ocrx_word' id='word_1_134' title='bbox 702 2309 830 2380; x_wconf 89' lang='lat' dir='ltr'>mortis</span> <span class='ocrx_word' id='word_1_135' title='bbox 849 2309 1036 2394; x_wconf 89' lang='lat' dir='ltr'>nuntium,</span> <span class='ocrx_word' id='word_1_136' title='bbox 1062 2311 1302 2402; x_wconf 90' lang='lat' dir='ltr'>propendere</span> 
     </span>
    </p>

    <p class='ocr_par' dir='ltr' id='par_1_6' title="bbox 193 2403 1303 3187">
     <span class='ocr_line' id='line_1_22' title="bbox 193 2403 1302 2506; baseline -0.002 -22"><span class='ocrx_word' id='word_1_137' title='bbox 193 2441 205 2462; x_wconf 93' lang='lat'><strong>·</strong></span> <span class='ocrx_word' id='word_1_138' title='bbox 230 2409 437 2484; x_wconf 88' lang='lat' dir='ltr'>videantur.</span> <span class='ocrx_word' id='word_1_139' title='bbox 492 2407 564 2478; x_wconf 90' lang='lat' dir='ltr'>Hic</span> <span class='ocrx_word' id='word_1_140' title='bbox 591 2407 711 2498; x_wconf 86' lang='lat' dir='ltr'>itaque</span> <span class='ocrx_word' id='word_1_141' title='bbox 742 2405 784 2477; x_wconf 92' lang='lat' dir='ltr'>ad</span> <span class='ocrx_word' id='word_1_142' title='bbox 807 2403 1088 2506; x_wconf 77' lang='lat' dir='ltr'>Belladonnam,</span> <span class='ocrx_word' id='word_1_143' title='bbox 1121 2419 1302 2499; x_wconf 82' lang='lat' dir='ltr'>tanquam</span> 
     </span>
     <span class='ocr_line' id='line_1_23' title="bbox 232 2503 1302 2600; baseline -0.004 -16"><span class='ocrx_word' id='word_1_144' title='bbox 232 2505 367 2584; x_wconf 85' lang='lat' dir='ltr'>sacram</span> <span class='ocrx_word' id='word_1_145' title='bbox 387 2503 430 2577; x_wconf 84' lang='lat' dir='ltr'>ad</span> <span class='ocrx_word' id='word_1_146' title='bbox 444 2504 658 2593; x_wconf 87' lang='lat' dir='ltr'>anchoram,</span> <span class='ocrx_word' id='word_1_147' title='bbox 686 2503 880 2600; x_wconf 82' lang='lat' dir='ltr'>fugiendo,</span> <span class='ocrx_word' id='word_1_148' title='bbox 905 2503 1105 2579; x_wconf 89' lang='lat' dir='ltr'>Tumorem</span> <span class='ocrx_word' id='word_1_149' title='bbox 1128 2517 1234 2578; x_wconf 89' lang='lat' dir='ltr'>tetro</span> <span class='ocrx_word' id='word_1_150' title='bbox 1257 2529 1302 2580; x_wconf 80' lang='lat' dir='ltr'>er</span> 
     </span>
     <span class='ocr_line' id='line_1_24' title="bbox 233 2601 1301 2696; baseline 0.001 -19"><span class='ocrx_word' id='word_1_151' title='bbox 233 2625 278 2678; x_wconf 90' lang='lat' dir='ltr'>ea</span> <span class='ocrx_word' id='word_1_152' title='bbox 298 2601 548 2695; x_wconf 88' lang='lat' dir='ltr'>cataplasmate</span> <span class='ocrx_word' id='word_1_153' title='bbox 577 2602 767 2689; x_wconf 87' lang='lat' dir='ltr'>fovemus,</span> <span class='ocrx_word' id='word_1_154' title='bbox 793 2601 937 2689; x_wconf 91' lang='lat' dir='ltr'>donec,</span> <span class='ocrx_word' id='word_1_155' title='bbox 965 2623 1041 2674; x_wconf 90' lang='lat' dir='ltr'>non</span> <span class='ocrx_word' id='word_1_156' title='bbox 1067 2603 1208 2696; x_wconf 90' lang='lat' dir='ltr'>ruptis,</span> <span class='ocrx_word' id='word_1_157' title='bbox 1243 2605 1301 2678; x_wconf 87' lang='lat' dir='ltr'>sed</span> 
     </span>
     <span class='ocr_line' id='line_1_25' title="bbox 233 2697 1301 2795; baseline -0.001 -19"><span class='ocrx_word' id='word_1_158' title='bbox 233 2699 422 2777; x_wconf 82' lang='lat' dir='ltr'>moderare</span> <span class='ocrx_word' id='word_1_159' title='bbox 444 2697 568 2771; x_wconf 86' lang='lat' dir='ltr'>solutis</span> <span class='ocrx_word' id='word_1_160' title='bbox 587 2700 765 2786; x_wconf 89' lang='lat' dir='ltr'>vinculis,</span> <span class='ocrx_word' id='word_1_161' title='bbox 790 2699 956 2787; x_wconf 82' lang='lat' dir='ltr'>recedat3</span> <span class='ocrx_word' id='word_1_162' title='bbox 984 2714 1091 2792; x_wconf 90' lang='lat' dir='ltr'>atque</span> <span class='ocrx_word' id='word_1_163' title='bbox 1116 2702 1192 2774; x_wconf 92' lang='lat' dir='ltr'>hoc</span> <span class='ocrx_word' id='word_1_164' title='bbox 1219 2702 1301 2795; x_wconf 85' lang='lat' dir='ltr'>ipso</span> 
     </span>
     <span class='ocr_line' id='line_1_26' title="bbox 235 2795 1303 2892; baseline 0.001 -20"><span class='ocrx_word' id='word_1_165' title='bbox 235 2821 350 2892; x_wconf 90' lang='lat' dir='ltr'>opere</span> <span class='ocrx_word' id='word_1_166' title='bbox 373 2795 695 2870; x_wconf 82' lang='lat' dir='ltr'>inflammationem</span> <span class='ocrx_word' id='word_1_167' title='bbox 723 2797 913 2890; x_wconf 89' lang='lat' dir='ltr'>Repellere</span> <span class='ocrx_word' id='word_1_168' title='bbox 939 2797 1111 2880; x_wconf 84' lang='lat' dir='ltr'>dicimur,</span> <span class='ocrx_word' id='word_1_169' title='bbox 1135 2799 1238 2871; x_wconf 85' lang='lat' dir='ltr'>adeo</span> <span class='ocrx_word' id='word_1_170' title='bbox 1262 2813 1303 2874; x_wconf 90' lang='lat' dir='ltr'>ut</span> 
     </span>
     <span class='ocr_line' id='line_1_27' title="bbox 234 2894 1303 2993; baseline 0.001 -24"><span class='ocrx_word' id='word_1_171' title='bbox 234 2895 387 2993; x_wconf 81' lang='lat' dir='ltr'>Repulfio</span> <span class='ocrx_word' id='word_1_172' title='bbox 410 2895 500 2966; x_wconf 90' lang='lat' dir='ltr'>nihil</span> <span class='ocrx_word' id='word_1_173' title='bbox 533 2894 628 2966; x_wconf 90' lang='lat' dir='ltr'>aliud</span> <span class='ocrx_word' id='word_1_174' title='bbox 658 2895 718 2982; x_wconf 85' lang='lat' dir='ltr'>srt,</span> <span class='ocrx_word' id='word_1_175' title='bbox 754 2917 858 2988; x_wconf 85' lang='lat' dir='ltr'>quam</span> <span class='ocrx_word' id='word_1_176' title='bbox 887 2895 1045 2969; x_wconf 84' lang='lat' dir='ltr'>materiae</span> <span class='ocrx_word' id='word_1_177' title='bbox 1072 2896 1303 2971; x_wconf 86' lang='lat' dir='ltr'>obstruentis</span> 
     </span>
     <span class='ocr_line' id='line_1_28' title="bbox 236 2989 1303 3086; baseline 0 -18"><span class='ocrx_word' id='word_1_178' title='bbox 236 2995 372 3086; x_wconf 85' lang='lat' dir='ltr'>absque</span> <span class='ocrx_word' id='word_1_179' title='bbox 402 2989 565 3064; x_wconf 84' lang='lat' dir='ltr'>vasorum</span> <span class='ocrx_word' id='word_1_180' title='bbox 588 3007 737 3086; x_wconf 90' lang='lat' dir='ltr'>ruptura</span> <span class='ocrx_word' id='word_1_181' title='bbox 762 2992 935 3084; x_wconf 64' lang='lat' dir='ltr'>rejectio,</span> <span class='ocrx_word' id='word_1_182' title='bbox 970 2993 1004 3066; x_wconf 83' lang='lat' dir='ltr'>dt</span> <span class='ocrx_word' id='word_1_183' title='bbox 1029 2995 1303 3068; x_wconf 87' lang='lat' dir='ltr'>medicamenta</span> 
     </span>
     <span class='ocr_line' id='line_1_29' title="bbox 235 3087 1302 3187; baseline 0 -19"><span class='ocrx_word' id='word_1_184' title='bbox 235 3092 386 3168; x_wconf 82' lang='lat' dir='ltr'>audiant</span> <span class='ocrx_word' id='word_1_185' title='bbox 398 3092 617 3186; x_wconf 74' lang='lat' dir='ltr'>Repellemiu,</span> <span class='ocrx_word' id='word_1_186' title='bbox 644 3113 721 3185; x_wconf 87' lang='lat' dir='ltr'>quae</span> <span class='ocrx_word' id='word_1_187' title='bbox 735 3091 842 3164; x_wconf 89' lang='lat' dir='ltr'>talem</span> <span class='ocrx_word' id='word_1_188' title='bbox 861 3087 1022 3166; x_wconf 89' lang='lat' dir='ltr'>efficiunt</span> <span class='ocrx_word' id='word_1_189' title='bbox 1039 3092 1302 3187; x_wconf 79' lang='lat' dir='ltr'>repulsionem.</span> 
     </span>
    </p>
   </div>
   <div class='ocr_carea' id='block_1_5' title="bbox 684 3285 845 3383">
    <p class='ocr_par' dir='ltr' id='par_1_7' title="bbox 684 3285 845 3383">
     <span class='ocr_line' id='line_1_30' title="bbox 684 3285 845 3383; baseline -0.012 -23"><span class='ocrx_word' id='word_1_190' title='bbox 684 3291 718 3383; x_wconf 69' lang='lat' dir='ltr'>q.</span> <span class='ocrx_word' id='word_1_191' title='bbox 768 3285 845 3360; x_wconf 82' lang='lat' dir='ltr'>xx.</span> 
     </span>
    </p>
   </div>
   <div class='ocr_carea' id='block_1_6' title="bbox 232 3405 1304 4093">
    <p class='ocr_par' dir='ltr' id='par_1_8' title="bbox 232 3405 1304 4070">
     <span class='ocr_line' id='line_1_31' title="bbox 334 3405 1304 3500; baseline 0.003 -21"><span class='ocrx_word' id='word_1_192' title='bbox 334 3405 499 3481; x_wconf 87' lang='lat' dir='ltr'>Ulterius</span> <span class='ocrx_word' id='word_1_193' title='bbox 518 3410 589 3500; x_wconf 84' lang='lat' dir='ltr'>jam</span> <span class='ocrx_word' id='word_1_194' title='bbox 614 3407 684 3480; x_wconf 89' lang='lat' dir='ltr'>erit</span> <span class='ocrx_word' id='word_1_195' title='bbox 708 3405 981 3498; x_wconf 86' lang='lat' dir='ltr'>inquirendum,</span> <span class='ocrx_word' id='word_1_196' title='bbox 1007 3405 1195 3500; x_wconf 93' lang='lat' dir='ltr'>quomodo</span> <span class='ocrx_word' id='word_1_197' title='bbox 1224 3409 1304 3482; x_wconf 86' lang='lat' dir='ltr'>hoc</span> 
     </span>
     <span class='ocr_line' id='line_1_32' title="bbox 233 3504 1304 3598; baseline -0.001 -19"><span class='ocrx_word' id='word_1_198' title='bbox 233 3505 274 3579; x_wconf 90' lang='lat' dir='ltr'>in</span> <span class='ocrx_word' id='word_1_199' title='bbox 295 3505 447 3598; x_wconf 88' lang='lat' dir='ltr'>negotio</span> <span class='ocrx_word' id='word_1_200' title='bbox 470 3520 577 3598; x_wconf 87' lang='lat' dir='ltr'>agant</span> <span class='ocrx_word' id='word_1_201' title='bbox 604 3505 746 3582; x_wconf 86' lang='lat' dir='ltr'>laudata</span> <span class='ocrx_word' id='word_1_202' title='bbox 770 3504 894 3597; x_wconf 84' lang='lat' dir='ltr'>saepius</span> <span class='ocrx_word' id='word_1_203' title='bbox 918 3504 1168 3597; x_wconf 89' lang='lat' dir='ltr'>Repelientia,</span> <span class='ocrx_word' id='word_1_204' title='bbox 1195 3505 1304 3597; x_wconf 88' lang='lat' dir='ltr'>quod</span> 
     </span>
     <span class='ocr_line' id='line_1_33' title="bbox 233 3604 1302 3696; baseline -0.002 -18"><span class='ocrx_word' id='word_1_205' title='bbox 233 3623 419 3693; x_wconf 88' lang='lat' dir='ltr'>nunquam</span> <span class='ocrx_word' id='word_1_206' title='bbox 449 3604 612 3694; x_wconf 87' lang='lat' dir='ltr'>planius,</span> <span class='ocrx_word' id='word_1_207' title='bbox 641 3623 747 3696; x_wconf 88' lang='lat' dir='ltr'>quam</span> <span class='ocrx_word' id='word_1_208' title='bbox 777 3625 821 3673; x_wconf 84' lang='lat' dir='ltr'>ex</span> <span class='ocrx_word' id='word_1_209' title='bbox 846 3624 964 3694; x_wconf 89' lang='lat' dir='ltr'>nuper</span> <span class='ocrx_word' id='word_1_210' title='bbox 995 3604 1111 3675; x_wconf 88' lang='lat' dir='ltr'>allatis</span> <span class='ocrx_word' id='word_1_211' title='bbox 1139 3625 1302 3695; x_wconf 83' lang='lat' dir='ltr'>graveo-</span> 
     </span>
     <span class='ocr_line' id='line_1_34' title="bbox 232 3698 1300 3792; baseline 0 -17"><span class='ocrx_word' id='word_1_212' title='bbox 232 3699 386 3775; x_wconf 86' lang='lat' dir='ltr'>lentium</span> <span class='ocrx_word' id='word_1_213' title='bbox 414 3700 574 3786; x_wconf 86' lang='lat' dir='ltr'>uiribus,</span> <span class='ocrx_word' id='word_1_214' title='bbox 609 3698 761 3792; x_wconf 83' lang='lat' dir='ltr'>intelligi</span> <span class='ocrx_word' id='word_1_215' title='bbox 793 3699 923 3792; x_wconf 89' lang='lat' dir='ltr'>potest.</span> <span class='ocrx_word' id='word_1_216' title='bbox 984 3699 1075 3772; x_wconf 91' lang='lat' dir='ltr'>Cum</span> <span class='ocrx_word' id='word_1_217' title='bbox 1110 3700 1206 3773; x_wconf 89' lang='lat' dir='ltr'>enim</span> <span class='ocrx_word' id='word_1_218' title='bbox 1244 3701 1300 3776; x_wconf 89' lang='lat' dir='ltr'>in·</span> 
     </span>
     <span class='ocr_line' id='line_1_35' title="bbox 232 3796 1299 3895; baseline -0.001 -22"><span class='ocrx_word' id='word_1_219' title='bbox 232 3796 432 3874; x_wconf 83' lang='lat' dir='ltr'>flammatio</span> <span class='ocrx_word' id='word_1_220' title='bbox 448 3799 567 3871; x_wconf 93' lang='lat' dir='ltr'>omnis</span> <span class='ocrx_word' id='word_1_221' title='bbox 585 3799 620 3870; x_wconf 75' lang='lat' dir='ltr'>o</span> <span class='ocrx_word' id='word_1_222' title='bbox 637 3797 791 3872; x_wconf 85' lang='lat' dir='ltr'>maxime</span> <span class='ocrx_word' id='word_1_223' title='bbox 807 3797 887 3881; x_wconf 92' lang='lat' dir='ltr'>illa,</span> <span class='ocrx_word' id='word_1_224' title='bbox 918 3816 997 3889; x_wconf 78' lang='lat' dir='ltr'>quae</span> <span class='ocrx_word' id='word_1_225' title='bbox 1014 3798 1133 3895; x_wconf 86' lang='lat' dir='ltr'>vergit</span> <span class='ocrx_word' id='word_1_226' title='bbox 1151 3797 1189 3871; x_wconf 93' lang='lat' dir='ltr'>in</span> <span class='ocrx_word' id='word_1_227' title='bbox 1208 3820 1299 3890; x_wconf 83' lang='lat' dir='ltr'>gan-</span> 
     </span>
     <span class='ocr_line' id='line_1_36' title="bbox 232 3893 1297 4070; baseline -0.006 -96"><span class='ocrx_word' id='word_1_228' title='bbox 232 3917 411 3994; x_wconf 76' lang='lat' dir='ltr'>grenam,</span> <span class='ocrx_word' id='word_1_229' title='bbox 448 3913 648 3976; x_wconf 85' lang='lat' dir='ltr'>nervorum</span> <span class='ocrx_word' id='word_1_230' title='bbox 678 3895 825 3972; x_wconf 84' lang='lat' dir='ltr'>stimulo</span> <span class='ocrx_word' id='word_1_231' title='bbox 855 3893 888 3968; x_wconf 76' lang='lat' dir='ltr'>u</span> <span class='ocrx_word' id='word_1_232' title='bbox 917 3896 1079 3993; x_wconf 88' lang='lat' dir='ltr'>orgasmo</span> <span class='ocrx_word' id='word_1_233' title='bbox 1118 3896 1297 4070; x_wconf 50' lang='grc' dir='ltr'>εκείῑᾳῑέ,</span> 
     </span>
    </p>

    <p class='ocr_par' dir='ltr' id='par_1_9' title="bbox 1134 4016 1296 4093">
     <span class='ocr_line' id='line_1_37' title="bbox 1134 4016 1296 4093; baseline -0.006 -24"><span class='ocrx_word' id='word_1_234' title='bbox 1134 4016 1241 4093; x_wconf 74' lang='lat' dir='ltr'>gravi</span> <span class='ocrx_word' id='word_1_235' title='bbox 1281 4035 1296 4052; x_wconf 93' lang='lat'>·</span> 
     </span>
    </p>
   </div>
   <div class='ocr_carea' id='block_1_7' title="bbox 0 0 1328 4776">
    <p class='ocr_par' dir='ltr' id='par_1_10' title="bbox 0 0 1328 4776">
     <span class='ocr_line' id='line_1_38' title="bbox 0 0 1328 4776; baseline 0 0"><span class='ocrx_word' id='word_1_236' title='bbox 0 0 1328 4776; x_wconf 95' lang='lat' dir='ltr'> </span> 
     </span>
    </p>
   </div>
  </div>
 </body>
</html>
