2700 4780
257 225 333 317 pc
620 195 706 290 sus
738 153 945 290 senoil.

261 411 317 438 ·’“
355 394 578 478 STERCUS
603 399 765 484 suillum,
798 393 871 468 sive
900 385 1098 478 succerda,
1135 379 1320 459 officinale

260 504 406 600 quidem
433 520 509 572 non
538 493 610 585 est3
648 495 781 568 rnerito
812 505 933 566 tamen
961 483 1142 562 medicina
1166 480 1323 556 heroica

259 601 401 682 salutari
433 593 573 690 potest,
606 592 824 686 pauperibus
861 589 904 661 ad
940 581 1190 680 repellendum
1224 601 1323 652 com·

259 696 481 782 mendanda,
518 689 708 787 praesertim
739 687 783 764 ad
813 685 931 760 fluxus
960 682 1152 760 sistendum
1180 676 1322 772 sangui·

259 819 364 876 neos.
416 792 519 865 Talis
547 788 721 884 succerda
742 783 977 859 recentiffima
1005 782 1068 854 vel
1097 779 1145 850 ab
1172 773 1321 849 animali

260 898 457 995 etiamnum
486 888 601 962 calida
622 884 656 990 dt
675 886 837 971 fumans,
864 883 1009 956 naribus
1033 871 1228 973 dpposrta,
1257 872 1313 945 lic-

259 990 500 1085 morrhagiam
519 985 606 1060 sistit
621 983 784 1074 narium,
808 981 893 1054 dum
908 981 977 1053 alia
991 978 1123 1052 fallunt
1144 970 1309 1060 remedia,

137 1093 142 1108 ‘
187 1105 189 1116 '
261 1089 360 1188 quod
380 1087 422 1162 fit
440 1083 663 1180 repellendo.

307 1261 310 1267 ·
356 1227 399 1302 ln
427 1223 644 1317 Dysenteria
668 1219 719 1293 est
744 1216 911 1292 succerda
937 1214 983 1287 ad
1006 1209 1207 1284 Drachmae
1232 1223 1316 1300 pon·

261 1331 327 1405 dus
356 1325 521 1411 assumta,
547 1333 630 1392 utut
656 1315 845 1406 nauseosa,
873 1307 1190 1387 &abominabilis
1211 1300 1319 1377 rnedi-

262 1430 371 1524 cina,
398 1437 518 1495 tamen
542 1416 714 1512 praesens3
739 1435 826 1508 ergo
845 1410 1061 1506 pauperibus
1083 1399 1320 1500 porrigenda,

264 1545 417 1620 quorum
434 1540 523 1611 opes
546 1515 706 1608 pretiosa
717 1512 916 1610 dissuadent
932 1507 1222 1592 medicamenta,
1248 1497 1321 1592 qui-

263 1645 332 1717 que
357 1619 419 1691 tali
447 1613 608 1688 remedio
634 1611 751 1686 curari
777 1611 893 1684 rnulto
920 1607 1080 1696 malunt,
1110 1621 1224 1696 quam
1246 1596 1321 1670 uita

200 1737 203 1744 ·
261 1718 411 1818 privari.
715 1787 720 1796 ,

249 1899 251 1902 -
361 1843 779 1948 DIAPHRAGMATE
809 1852 958 1914 utuntur
989 1835 1185 1933 agricolae,
1219 1833 1318 1910 mira·

260 1953 326 2032 bili
350 1973 433 2023 curn
449 1961 607 2036 eventu,
634 1940 812 2036 emplastri
829 1942 917 2012 loco
935 1933 1164 2010 infracturas
1182 1933 1220 2006 dt
1236 1955 1317 2006 con·

260 2053 442 2134 tufiones3
469 2053 588 2120 adrem
610 2039 791 2132 excludit,
815 2039 972 2112 vulnera
994 2032 1139 2108 emollit
1162 2031 1201 2106 dt
1218 2032 1316 2106 dolo

232 2147 495 2254 uoemQu

665 2367 666 2372 a
714 2324 747 2412 t·
799 2315 860 2390 nr.

355 2458 538 2534 Permulta
554 2453 686 2546 essent,
716 2449 855 2542 fateor,
880 2449 1033 2524 dicenda
1060 2450 1106 2523 de
1132 2447 1226 2523 sunm
1247 2441 1303 2518 usu

261 2557 540 2634 Oeconomico:
563 2568 600 2626 at
614 2552 782 2646 siquidem
797 2552 833 2622 in
851 2551 923 2621 alio
939 2549 1024 2622 foro
1038 2545 1303 2643 pertractantur,

187 2667 191 2675 “
260 2660 344 2733 heic
375 2657 434 2730 illa
464 2653 561 2726 inilia
590 2651 730 2724 faciam.
782 2649 933 2722 Interim
962 2661 1110 2737 tamen,
1147 2642 1310 2738 quoniam

259 2754 373 2826 moris
394 2752 445 2822 est
467 2751 561 2840 apud
580 2748 746 2818 Materiae
768 2747 916 2818 medicae
945 2744 1162 2838 scriptores,
1190 2739 1314 2834 fimpli-

261 2851 356 2922 cium
382 2847 523 2919 suorum
553 2844 729 2924 culturam
758 2843 913 2916 &usum
935 2843 1230 2916 Oeconomicum
1255 2837 1314 2911 ad·

259 2948 421 3042 tingere,
447 2940 653 3036 pauca'hac
678 2940 722 3012 de
748 2963 788 3014 re
814 2955 1001 3015 momenta
1025 2940 1212 3013 adducam.

268 3097 272 3106 ’
357 3103 475 3192 Usus,
498 3121 618 3212 'quern
649 3101 687 3174 in
718 3101 951 3214 Oeconomia
981 3119 1118 3178 naturae
1149 3099 1316 3196 prestant

257 3209 335 3282 haec
361 3203 549 3290 animalia,
579 3222 616 3272 ιη
641 3222 687 3270 eo
714 3223 894 3293 precipue
926 3201 1106 3290 consistit,
1137 3199 1238 3293 quod
1263 3201 1314 3272 illi

259 3305 372 3378 escam
393 3299 607 3392 querendo,
635 3309 765 3370 terram
784 3298 984 3388 effodiant,
1008 3301 1198 3392 pulverem
1224 3299 1312 3371 mol-

257 3405 329 3476 lem
344 3399 518 3485 reddant,
543 3411 649 3488 atque
667 3396 712 3468 src
730 3396 845 3474 ansam
866 3398 1051 3488 praebeant
1068 3397 1147 3471 aliis
1167 3397 1311 3490 plantis,

257 3499 391 3574 semina
419 3496 478 3569 sua
508 3495 545 3568 in
575 3494 683 3566 talem
715 3496 894 3566 excultam
929 3494 1136 3588 deponendi
1168 3509 1309 3582 terram,

255 3597 353 3671 unde
377 3592 518 3667 facilius
548 3589 721 3670 crescunt.
774 3591 859 3664 Sine
888 3592 1000 3666 dubio
1028 3593 1137 3666 etiarn
1165 3591 1305 3665 eandem

257 3697 308 3768 ob
330 3691 480 3766 caussam
498 3689 645 3763 Tubera
670 3690 713 3762 ad
735 3689 873 3762 radices
898 3688 1063 3784 deposuit
1088 3689 1244 3764 Creator
1260 3709 1300 3760 ar·

256 3787 497 3881 borum,·ubi
518 3785 613 3860 terr'a
632 3787 821 3860 frondibus
845 3781 997 3862 accrofis
1023 3787 1138 3880 tedia,
1164 3785 1300 3860 differti-

256 3889 400 4000 nationi
419 3884 708 3983 plantarunrvix
727 3886 850 3962 locum
869 3885 1062 3982 relinquit,
1090 3885 1176 3961 heic
1198 3899 1239 3958 ut
1253 3879 1306 3956 sua

1161 3979 1305 4060 follioue
