2630 4776
261 207 315 338 aa.
625 243 943 326 nuxnnunun.

364 430 559 525 operculum
583 427 733 520 capituli
757 426 948 516 conicum,
973 421 1167 510 obtusum,
1193 441 1305 517 purpu-

262 526 427 614 rascens,
455 525 729 620 glaberrimum,
765 525 902 614 breve,
935 521 1228 598 transversaliter
1252 517 1305 592 bai

265 622 482 698 descendens
503 637 545 696 ut
563 622 601 696 in
616 620 768 711 muscis,
795 620 891 694 intus
913 641 1056 693 cavum.

331 754 335 762 ’
363 744 677 831 saumaricum,
701 763 747 814 ex
764 739 950 814 filamento
967 741 1001 812 dc
1017 740 1197 830 anthera,
1218 733 1305 806 einr·

266 841 363 916 nice·
384 841 547 933 operculi
584 839 815 933 dependens,
857 836 980 912 versus
1011 838 1160 932 apicem
1196 827 1305 908 hiantia

267 938 400 1014 tunicae
427 938 611 1014 interioris
629 937 796 1030 capituli.
1065 949 1066 952 ’

368 1061 496 1132 Semina
514 1058 679 1152 pulvere
714 1055 936 1150 impalpabili
969 1055 1070 1128 flavo
1084 1097 1097 1110 -
1112 1050 1305 1134 virescente,

268 1156 382 1254 magis
406 1155 607 1248 unctuoso,
629 1175 736 1248 quam
757 1155 796 1228 in
819 1155 966 1246 reliquis
986 1150 1133 1227 muscis

747 1403 756 1422 .
805 1347 874 1424 IV.

535 1357 1070 1567 OBSERSilATioNES.

278 1701 280 1706 .
332 1689 334 1696 ,
369 1633 493 1708 Humo
507 1631 618 1707 sterili
639 1647 715 1707 atra
734 1631 929 1726 provenit,
952 1644 1047 1705 terra
1071 1631 1202 1706 muscis
1222 1631 1305 1725 inpri-

274 1729 346 1807 mis
374 1731 576 1804 communi:
607 1729 695 1826 saepe
721 1755 740 1802 a
762 1729 932 1816 ramentis
964 1729 1122 1822 putridis
1153 1729 1305 1818 inuititur,

275 1843 319 1902 ut
340 1850 430 1920 aqua
456 1826 603 1919 limpida
624 1851 644 1900 a
672 1828 853 1902 radicibus
877 1828 1058 1900 montium
1092 1827 1235 1900 stillanti
1261 1827 1305 1900 hu·

153 1971 161 1986 ·
275 1925 469 2000 metietur:
495 1925 652 2022 ideoque
671 1925 852 1999 radicibus
874 1924 1036 2019 pluribus
1055 1947 1137 1998 non
1160 1947 1246 2018 opus
1264 1926 1305 1994 hr-

275 2025 362 2113 bet,
386 2023 520 2095 ibidem
545 2025 643 2096 inter
665 2025 761 2117 Brya
780 2024 816 2094 u
834 2022 939 2094 Mnia
963 2022 1106 2095 rariora
1130 2021 1305 2095 deletiatur.

277 2119 464 2195 Interdum
483 2120 521 2193 in
537 2121 669 2215 apricis
680 2120 841 2196 occurrit
857 2119 1145 2193 interLichenes
1156 2117 1305 2200 crescens;

279 2220 333 2292 ita
350 2231 494 2310 tamen,
518 2232 559 2291 ut
573 2222 634 2293 vel
654 2219 780 2294 umbra
806 2217 972 2306 illorum,
1002 2219 1063 2290 vel
1087 2240 1180 2310 aqua
1205 2217 1243 2290 ab
1258 2213 1305 2286 illis

281 2315 435 2388 decidua
454 2315 613 2405 fruatur,
640 2317 734 2388 iocis
756 2315 826 2387 illis
853 2313 1144 2388 inferioribus&
1164 2331 1305 2388 caverna

280 2413 326 2486 fis
351 2411 514 2502 inprimis
540 2412 691 2486 laetatur.
743 2411 806 2486 Est
830 2412 906 2486 haec
933 2434 1079 2505 quoque
1110 2413 1204 2486 ratio
1228 2428 1304 2504 quart

283 2506 354 2678 {ese
391 2507 509 2580 oculis
543 2503 741 2601 subducat3
775 2531 859 2584 nam
889 2509 1017 2584 frustra
1046 2511 1116 2586 nifi
1148 2508 1226 2586 casu
1251 2523 1304 2600 eun

312 2620 445 2699 etegas.

381 2723 598 2818 vegetabile
630 2725 705 2798 hoc
736 2724 874 2800 Muscis
907 2727 1178 2820 magnitudine,
1213 2723 1303 2817 figuli

287 2823 437 2909 colore,
462 2820 690 2896 consistentia
713 2823 825 2896 fimile
849 2822 921 2913 est,
954 2825 1046 2897 adeo
1068 2839 1113 2898 ut
1138 2823 1303 2918 quicunqu

163 2960 168 2972 ·
288 2919 378 2993 illud
402 2919 546 3009 videat,
571 2920 728 2993 muscum
754 2919 894 3014 neceffe
914 2921 965 2994 est
989 2922 1142 3012 habeat3
1167 2919 1222 2994 sed
1239 2911 1303 2990 lolii

290 3015 454 3092 absolute
476 3027 585 3088 caret.
614 3049 618 3058 ·
637 3017 704 3090 Per
724 3031 838 3090 totam
859 3019 1025 3109 hyemem
1051 3020 1157 3093 durat
1173 3015 1298 3106 &viget

291 3136 392 3190 anno
412 3113 597 3208 praeterito
620 3114 658 3187 ir'n
676 3115 805 3188 eodem
823 3117 909 3188 loco
931 3116 1110 3210 integrum
1133 3115 1246 3198 sumi,
1270 3105 1302 3179 sui

291 3213 404 3287 initio
426 3211 537 3304 menfis
562 3217 804 3304 tumulationis,
829 3213 889 3285 die
915 3214 1122 3307 priusquam
1147 3199 1302 3286 nivibusi

290 3312 376 3404 gelu
396 3308 519 3382 saevire
536 3307 651 3382 hiems
669 3309 798 3402 coepit3
826 3309 962 3384 &vere
980 3334 1095 3404 nuper
1117 3293 1302 3406 praetcrlapi

292 3410 333 3482 in
350 3407 479 3480 eodem
494 3407 560 3482 situ
582 3407 722 3500 reperi,
748 3415 854 3502 prima
870 3413 920 3482 dir
931 3417 1191 3502 germinationis,-
1214 3405 1247 3476 in
1265 3415 1301 3490 qu

291 3526 334 3581 re
354 3505 435 3576 aliis
461 3525 606 3598 quoque
629 3503 757 3578 muscis
782 3505 891 3578 fimile
914 3506 975 3578 est.

391 3617 597 3712 Capitulum
624 3623 773 3712 colore,
805 3622 1074 3718 magnitudine,
1112 3620 1239 3717 figura,
1271 3617 1301 3698 Ρε

291 3717 451 3791 dunculo
478 3717 538 3790 cui
563 3718 835 3810 manticulatur,
868 3721 901 3792 &
927 3720 1051 3814 apice,
1085 3720 1146 3814 qui
1174 3699 1300 3804 capitali

291 3813 352 3890 seu
378 3817 554 3908 operculo
584 3819 820 3908 terminatur,
844 3817 1052 3898 muscarum
1080 3819 1117 3890 in
1142 3797 1300 3890 universut

289 3911 402 3988 refert
425 3913 606 3990 habitum:
631 3915 705 3991 hoc
724 3937 869 4012 quoque
887 3915 1084 4011 capitulum
1104 3915 1147 3989 ad
1170 3905 1300 4078 bagpcffi
