2700 4780
243 253 322 334 482·
606 231 696 308 sus
726 226 935 304 secors.

244 413 401 494 Lardum
432 409 575 502 salsum,
605 408 681 484 sole
705 409 739 482 dr
762 407 866 484 furno
895 407 1101 484 induratum
1124 429 1169 482 ac
1193 404 1311 481 'ranci-

247 505 355 607 dum,
379 511 525 612 gravius
553 505 753 583 succumbit
783 507 923 581 viribus
951 508 1060 599 vitae,
1087 503 1314 598 consequen·

248 631 303 688 ter
330 608 568 708 perniciosius
594 605 742 699 otiofis‚
769 605 887 681 lanius
911 625 1004 680 vero
1031 601 1315 680 laboriofidimis

246 713 419 791 redditur.

344 904 487 980 Natura
514 921 592 996 qua
622 897 820 974 destinavit
844 897 1031 974 hominem
1058 896 1103 972 ad
1130 893 1306 988 laborem,

247 1006 336 1098 licut
357 1004 529 1077 volucres
547 999 591 1072 ad
612 996 834 1087 volandum,
860 996 963 1071 dedit
985 997 1020 1070 ei
1037 1003 1200 1090 coquum
1221 997 1310 1070 culi·

246 1121 302 1178 nae
329 1121 475 1197 parem,
501 1097 575 1171 five
597 1095 736 1194 gustum
763 1097 841 1188 ejus
863 1092 1059 1170 neceliitati
1082 1095 1311 1188 adaquavit;

246 1202 307 1275 illa
331 1201 479 1292 inquam
504 1194 648 1270 Natura
674 1193 822 1286 effecit,
856 1209 901 1268 ut
926 1187 1084 1267 suavitas
1111 1193 1205 1266 lardi
1228 1215 1312 1268 euru

246 1299 410 1374 adhunc
434 1307 618 1392 provocet
640 1292 788 1366 vietum.
842 1287 1043 1398 Quomodo
1065 1289 1217 1364 olera&
1237 1289 1313 1386 pisa

246 1398 314 1472 uc.
339 1396 464 1469 fauces
492 1390 632 1468 nostras
667 1391 802 1484 absque
831 1387 935 1476 lardo
962 1391 1189 1484 mulcerent,
1221 1411 1311 1484 pra-

223 1491 365 1572 terrim
393 1491 486 1586 apud
510 1510 602 1580 nos,
640 1487 700 1582 qui
729 1487 793 1578 sub
827 1486 962 1564 ardico
994 1487 1086 1582 polo
1118 1486 1311 1583 degimus?

247 1593 321 1664 Cur
349 1592 458 1685 igitur
482 1585 652 1662 rosanus
677 1587 714 1659 in
734 1581 823 1660 Vct.
843 1579 944 1658 Test.
968 1584 1041 1660 hoc
1062 1601 1104 1660 ut
1127 1585 1309 1680 impurum

216 1693 222 1706 '
246 1687 475 1762 interdictum
501 1683 607 1757 eratl
657 1683 747 1757 Haec
767 1706 882 1778 pauca
910 1678 1022 1774 mihi,
1051 1703 1122 1777 qua
1139 1681 1308 1776 Phyfiro,

245 1800 431 1861 momenta
449 1781 608 1856 Diaetam
630 1782 817 1880 tangentia
841 1782 980 1855 adferre
1001 1783 1134 1873 liceat,
1157 1783 1309 1855 minime

244 1903 336 1958 vero
362 1894 404 1956 ut
434 1881 473 1956 in
501 1881 616 1955 castra
647 1879 882 1973 irrumperem
911 1877 1204 1976 Theologorum.
1265 1880 1309 1955 ln

246 1979 483 2056 calidioribus
502 1978 645 2052 facilius
664 1978 931 2073 corrumpitur,
955 1978 1145 2068 rancescit,
1170 1978 1305 2052 febres·

60 2153 63 2160 .
208 2079 212 2088 ’
246 2101 315 2174 que
342 2077 531 2165 accendit3
557 2074 745 2172 quarefit‚
772 2091 814 2150 ut
833 2076 959 2150 harum
979 2067 1134 2168 incolae,
1164 2075 1304 2170 praser-

245 2179 310 2251 tim
332 2177 435 2250 sexus
457 2176 621 2268 sequior,
647 2174 767 2248 minus
791 2173 1043 2248 semoveant:
1066 2195 1109 2247 ac
1130 2189 1303 2269 praterea

242 2271 411 2349 Israelita
437 2271 583 2366 subjecti
605 2285 709 2346 erant
728 2273 861 2351 morbo
884 2270 948 2347 suo
973 2271 1143 2346 eudemio
1161 2269 1298 2367 Lepre,

244 2373 307 2447 u'bi
336 2373 492 2446 maxime
526 2370 679 2445 noxium
712 2383 802 2444 erat
852 2365 1040 2444 Facillime
1068 2391 1134 2464 per
1169 2370 1295 2442 lardum

244 2486 466 2566 propagatur
494 2470 726 2565 contagium,
765 2467 867 2564 cujus
884 2468 1069 2543 crebriora
1089 2469 1127 2542 in
1157 2463 1290 2542 allona

243 2569 392 2642 medica⁴
407 2567 549 2642 exstant
575 2567 762 2661 exempla,
790 2563 887 2660 quod
908 2565 1037 2641 nefarii
1066 2565 1287 2660 vespillones,

244 2665 418 2762 graliante
444 2663 566 2760 peste,
590 2664 727 2738 lardum
753 2665 809 2739 ori
834 2662 1107 2762 agonizantium
1129 2662 1292 2758 apposue-

135 2843 144 2864 ‚
243 2765 339 2854 rint,
372 2779 413 2835 ut
437 2765 514 2854 ejus
542 2781 636 2854 ope,
676 2777 784 2856 quem
817 2761 957 2837 vellent
983 2762 1161 2859 contagio
1187 2757 1298 2836 adice·

243 2871 337 2932 rent.
377 2857 461 2930 Esui
476 2857 678 2952 pinguium,
701 2858 878 2952 imprimis
900 2861 1078 2936 afinorum
1096 2861 1131 2933 dt
1146 2859 1299 2933 murium

242 2958 442 3052 majorum,
474 2951 686 3028 adscribitur
714 2955 988 3050 Elephantialis.
1051 2957 1095 3033 ln
1122 2956 1300 3031 Rheuma·

242 3054 349 3128 tissno
374 3049 527 3146 aliisque
546 3049 737 3127 doloribus
758 3051 989 3152 osteocopis,
1014 3055 1154 3130 lardum
1174 3075 1299 3129 recens

243 3151 384 3246 aliaque
416 3149 564 3246 pinguia
596 3151 746 3225 minime
775 3150 974 3246 rejicienda
1002 3153 1094 3229 sunt.
1167 3151 1299 3226 Oleoia

240 3251 406 3348 relaxant
429 3243 559 3338 libras,
586 3248 719 3324 &sunt
743 3249 1034 3345 expectamur,
1059 3273 1172 3346 quare
1193 3254 1301 3324 etiarn

240 3361 410 3426 cantores
433 3346 471 3420 in
489 3345 637 3440 Europa
661 3347 803 3422 australi
828 3352 980 3430 nultum
1007 3351 1080 3424 olei
1109 3347 1299 3438 assumunt,

240 3443 300 3522 sed
315 3444 466 3542 perinde
482 3443 639 3520 Hernias
658 3445 858 3521 incurrunt.
909 3447 1004 3524 Olea
1022 3447 1173 3523 rancida
1194 3449 1299 3523 inter·

240 3568 287 3619 ne
305 3542 451 3617 affumta
470 3542 605 3615 veneni
622 3556 786 3618 naturam
808 3545 972 3621 induunt.
1021 3545 1189 3630 Externa
1210 3567 1299 3620 vero

240 3641 448 3724 recentibus
483 3639 680 3716 incidendo
715 3644 937 3736 precellunt.
990 3641 1210 3740 Principalis
1242 3665 1301 3716 eo·

179 3763 186 3779 ·
239 3730 317 3815 illm
341 3737 420 3812 usus
446 3750 617 3814 externus
639 3737 861 3816 emolliendo
883 3743 1159 3818 &maturando
1190 3743 1299 3818 absol·

239 3839 365 3930 vitur,
395 3831 666 3930 transpirationi
696 3839 794 3948 enirn
818 3838 964 3915 obicem
986 3855 1160 3936 popunt,
1189 3861 1297 4010 ροτίς

1236 3960 1259 4010 ο
