2630 4776
219 305 222 312 a
240 275 342 359 ''140-
485 264 726 342 SPIGELIA:
741 267 1065 346 ANTHELMIA.
1114 369 1118 378 Ι

256 448 359 522 cient
397 444 720 538 symptomatibus,
766 447 877 522 inimo
916 473 992 525 non
1031 472 1113 524 raro
1146 447 1311 526 necent

256 566 400 618 omnem
429 543 583 636 lapidem
616 566 767 616 movere
794 546 928 620 debent
956 549 1115 638 Medici,
1149 561 1202 622 ut
1240 551 1308 622 tali

256 643 483 756 earcogitetur
506 640 665 734 medela,
687 665 767 735 *qua
788 655 846 718 tot
862 648 1072 720 morborum
1092 645 1234 722 caussae
1259 647 1312 734 ob

255 763 352 816 vram
378 753 489 815 eatur.

499 930 567 1006 IV.
621 930 1067 1012 SPECIFICUM.·

269 1091 273 1099 “
296 1135 301 1145 .
355 1079 405 1152 D.
427 1076 477 1148 D.
500 1075 638 1148 Brutone
651 1073 688 1145 in
710 1073 859 1168 Historia
881 1072 941 1146 sua
965 1073 1117 1146 naturali
1137 1070 1312 1170 Jornuiru

255 1168 450 1258 remedium
480 1173 516 1244 in
547 1170 744 1244 infantibus
773 1169 1080 1260 verminantibus,
1110 1171 1312 1264 multiplici

255 1276 340 1348 vice
366 1281 574 1364 expertum,
607 1280 743 1340 eventu
765 1266 901 1362 semper
923 1283 1017 1342 voto
1047 1267 1313 1372 respondente,

255 1397 332 1448 non
351 1371 399 1440 ita
418 1367 562 1460 pridem·
579 1363 737 1454 detexit,
762 1365 859 1458 quod
885 1379 1023 1439 tantum
1048 1364 1170 1458 abest,
1199 1383 1249 1438 ut
1270 1367 1313 1460 in,

256 1470 364 1546 scitiae
392 1464 534 1538 nebulis
571 1463 804 1552 involvatur,
837 1474 877 1534 ut
907 1465 1052 1556 potius,
1093 1483 1210 1554 quam
1247 1465 1313 1557 pri«

253 1591 350 1642 mum
370 1563 448 1637 fieri
474 1559 615 1654 potest,
644 1560 681 1634 in
706 1559 823 1632 album
851 1559 1082 1634 officinalium
1103 1561 1232 1654 recipi
1261 1561 1313 1632 de-

254 1671 360 1750 beat,
395 1659 586 1755 presertim
607 1680 686 1729 cum
712 1657 748 1728 in
773 1659 954 1750 plerisque
978 1657 1093 1730 hortis
1120 1657 1313 1750 Jamaica,

254 1765 304 1836 ob
330 1757 555 1852 splendidos,
588 1777 679 1847 quos
703 1755 746 1825 de
769 1753 803 1825 se
829 1755 982 1848 spargit,
1008 1754 1139 1830 virium
1171 1755 1314 1844 radios,

253 1861 293 1934 in
309 1853 746 1931 usumearmaeeutieum
760 1851 869 1926 hodie
883 1852 955 1925 coli
973 1852 1166 1945 inceperit.
1205 1853 1314 1928 Hund

253 1957 363 2030 etiam
392 1973 461 2046 ego
486 1949 625 2042 respexi
651 1948 782 2034 finem,
817 1949 1042 2024 occasionem
1065 1949 1154 2026 mihi
1186 1948 1314 2043 suppe-

252 2055 391 2127 ditante
408 2046 480 2142 ipsa
496 2049 639 2139 planta,
661 2053 740 2138 'quae
759 2048 796 2120 iu
816 2048 938 2120 Horto
954 2046 1314 2141 academicoupsa-

251 2151 352 2228 liensr
374 2146 558 2240 preterito
580 2166 677 2216 anno
700 2166 781 2218 cum
803 2145 894 2216 flore
915 2145 949 2216 δι
969 2145 1085 2218 fructu
1111 2145 1314 2220 oculorum

252 2267 415 2325 meorum
458 2243 602 2316 obtutui
645 2241 921 2333 subjiciebatur,
960 2245 1155 2338 Spigeliam,
1203 2254 1314 2335 puta,

251 2347 480 2422 Anthelrna'am.
535 2339 713 2429 Equidem
737 2340 851 2432 probe
879 2337 1065 2432 perspexi,
1101 2340 1211 2431 quod
1242 2340 1295 2412 bae

251 2444 374 2537 planta
395 2449 534 2510 tantum
558 2435 650 2526 apud
672 2456 740 2508 nos
761 2435 894 2508 crescat
917 2436 954 2508 in
977 2449 1072 2510 terra
1090 2437 1299 2531 praegnanti

251 2561 330 2614 non
348 2537 420 2610 fine
447 2553 574 2626 magna
595 2531 754 2604 adbibita
780 2554 864 2605 cura
881 2532 915 2606 u
933 2533 1118 2622 molestia,
1144 2535 1251 2606 adeo
1277 2555 1315 2606 u·

251 2635 434 2721 dubitem,
459 2651 544 2702 num
569 2630 805 2720 quantitatem
831 2629 1062 2706 sufficientem
1085 2632 1225 2705 Patriae
1253 2655 1289 2725 p·

251 2731 527 2806 horticulturam
552 2726 698 2817 adipisci
716 2726 910 2818 possimus?
960 2729 1042 2832 Qua
1061 2742 1223 2822 propter
1240 2729 1290 2802 su

251 2829 372 2902 derem
394 2825 538 2918 potius,
563 2837 605 2894 ut
628 2823 844 2915 aJamaica,
873 2824 933 2896 ubi
959 2825 1105 2915 seritur,
1131 2825 1168 2896 tr
1191 2829 1242 2900 ab
1264 2828 1313 2900 in·

250 2926 332 3000 sulis
361 2921 510 2995 Gallicis
538 2920 574 2992 in
601 2919 791 3010 America,
823 2921 1010 3016 Domingo
1036 2923 1070 2993 &
1092 2923 1313 3014 Martinica

250 3015 312 3095 uel
342 3021 449 3092 etiam
475 3041 494 3089 e
521 3017 685 3105 Brasrlia,
718 3019 779 3089 ubi
811 3017 937 3110 sponte
968 3019 1116 3110 crescit,
1145 3035 1311 3112 petatur.

250 3121 307 3195 Ut
325 3139 416 3192 vero
441 3115 605 3187 divinum
622 3115 693 3186 boc
712 3114 1018 3188 Medicamentum
1043 3119 1175 3189 clarius
1204 3119 1313 3192 inno·

249 3218 362 3291 tescat
388 3213 611 3306 Reipublicae
632 3211 809 3302 Medicte',
836 3211 870 3284 u
892 3235 938 3286 ne
962 3214 1047 3306 quid
1066 3237 1133 3307 pro
1155 3236 1244 3306 quo
1266 3214 1313 3288 su·

250 3328 389 3402 matur,
423 3309 700 3402 descriptionem
723 3310 800 3400 ejus
830 3311 983 3402 primum
1013 3313 1147 3384 tradam
1184 3315 1314 3402 talem,

252 3414 392 3504 qualem
424 3408 563 3480 calamo
593 3405 741 3477 eandem
772 3411 950 3499 concepi,
979 3409 1062 3481 dum
1093 3409 1213 3482 adhuc
1250 3411 1313 3483 flo-

251 3508 424 3583 resceret:
465 3501 595 3576 deinde
632 3523 834 3594 proponam
863 3525 926 3593 ea,
962 3527 1039 3596 que
1070 3503 1146 3577 Cel.
1179 3505 1237 3578 D.
1266 3507 1311 3578 D.

251 3606 432 3690 Browne,
458 3601 518 3675 cui
544 3599 715 3674 eximium
745 3599 817 3671 hoc
847 3601 1071 3678 medicamen
1090 3601 1135 3675 ad
1159 3623 1313 3677 vermes

252 3699 485 3778 debellandos
502 3699 540 3771 in
559 3697 717 3790 acceptis
739 3695 965 3770 referendum
989 3698 1062 3790 est,
1089 3699 1126 3772 in
1141 3699 1314 3774 Historia

250 3801 310 3876 sua
333 3795 498 3866 Naturali
525 3793 712 3886 Jamaicae,
739 3792 895 3889 Anglice
925 3794 1198 3890 consarcinata,
1228 3795 1311 3872 orbi

248 3892 392 3980 medico
420 3890 642 3986 propinavit.

1132 4029 1185 4109 V.
1213 4029 1307 4106 AD·
