2768 4768
267 206 272 218 ’
319 353 321 369 ,
400 261 567 352 monor
598 254 826 342 consuct-
848 295 888 317 ··
1093 287 1139 364 13

82 449 137 524 tis
166 444 300 521 nostris
329 443 552 536 eveniebat,
588 445 648 539 qui
678 443 717 519 in
744 442 930 519 laboribus
955 439 990 514 δι
1013 441 1142 519 mense

86 545 316 642 pauperculae
339 541 439 634 nati,
470 543 563 636 iam,
596 543 691 636 quasi
710 542 757 616 -in
785 539 983 640 saginatio,
1013 543 1141 636 sopio-1

86 644 168 719 fiori
196 653 366 714 ventrem
392 635 470 715 esca
501 638 771 730 distendebant,
806 640 907 714 omni
933 639 1033 728 lere,¹
1066 661 1141 736 quo

83 738 283 836 digerenda
299 751 396 836 erat,
422 737 739 816 motusexercitio
760 751 936 816 carentes.
985 735 1140 812 Exdiae·

81 837 211 912 teticis
235 833 399 926 constat,
430 835 721 929 siphytivorus,
752 835 858 908 diaeta
880 846 1038 925 mutata,
1066 857 1140 910 car·

81 937 242 1010 nivorus
266 931 351 1023 siat,
379 931 623 1006 ventriculum
652 932 735 1016 inde
756 945 945 1026 totumque
973 935 1141 1027 corporis

82 1031 239 1127 systema
272 1029 492 1104 detrimento
521 1027 634 1123 affici,
667 1027 948 1123 diarrhoeamque
977 1030 1143 1126 inprimis

85 1129 253 1204 excitari.
319 1125 379 1201 Sic
400 1147 490 1224 gens
514 1123 709 1201 israelitica
732 1127 771 1202 in
795 1126 935 1202 deserto
960 1150 980 1201 a
1003 1127 1143 1219 Manna

85 1228 133 1302 ad
157 1224 461 1304 abundantiorem
484 1221 585 1298 usum
609 1225 797 1300 Perdicum
823 1225 1040 1318 deflectens,
1064 1248 1141 1300 mu·

85 1325 226 1401 scarum
246 1321 377 1416 instar,
405 1321 536 1397 eodem
559 1321 658 1396 sorte
682 1325 814 1396 morbo
839 1325 1075 1399 occuberunt.

183 1517 261 1692 3¹1³
281 1517 324 1591 ad
341 1515 478 1592 Indiam
502 1517 714 1591 orientalem
733 1511 888 1591 na'vibus
911 1516 1142 1612 proficiscen:

85 1631 162 1710 tur,
212 1615 286 1689 uris
307 1629 446 1689 tantum
468 1614 531 1689 sub
549 1617 663 1712 longo
684 1617 814 1690 itinere
836 1615 927 1688 cibis
949 1615 1018 1706 ufi,
1045 1639 1142 1709 cum,

85 1715 192 1790 cursu
217 1713 401 1787 maritimo
433 1709 602 1809 peraeto,
636 1713 673 1786 in
703 1727 834 1787 terram
860 1713 1088 1807 appulerint,
1116 1716 1144 1791 st

86 1810 293 1887 dulciffimis
319 1809 353 1883 u
377 1810 416 1884 in
443 1807 478 1884 se
501 1809 588 1884 alius
618 1809 881 1903 saluberrimis,
915 1811 976 1904 qui
1007 1812 1143 1887 ibidem'

85 1910 340 2006 reperiuntur,
367 1905 541 1986 frudibus
569 1908 716 2002 copiose
739 1907 950 2001 vescantur,
979 1910 1142 2002 dysente-

85 2009 161 2084 rias
182 2004 246 2082 fibi
270 2003 505 2100 choleresque
526 2005 666 2099 aliaque
685 2007 777 2079 mala
802 2006 1007 2096 attrahunt,
1033 2031 1143 2100 quare

86 2107 201 2180 etiarn
219 2104 264 2178 ab
284 2102 555 2197 exquifitiffimis
575 2097 780 2196 hujusmodi
798 2103 915 2197 epulis
931 2103 1144 2180 severissime

88 2201 344 2300 prohibentur.
405 2199 568 2274 Eandem
600 2220 669 2296 ego
696 2201 853 2274 fabulam
881 2201 1145 2287 anostraribus¹

93 2297 207 2374 attan
227 2298 328 2390 vidi,
354 2318 435 2372 cum
456 2297 596 2373 duriori
615 2317 727 2373 coenae
744 2296 902 2390 adsueti,
930 2297 974 2371 ad
995 2297 1144 2374 Norve-

87 2399 185 2496 giam
217 2395 356 2470 affatim
386 2395 564 2470 Halesum
591 2396 794 2486 recentium
818 2399 935 2491 parvo
966 2405 1143 2491 emerent3

86 2518 178 2590 quas
205 2493 413 2570 semicoiias
441 2493 555 2588 sepe,
587 2515 675 2570 mox
703 2493 860 2588 jucunde
893 2494 1142 2588 comedentes,

86 2593 283 2668 diarrhoeas
300 2589 518 2666 cruentas&
538 2592 745 2668 incruentas
765 2591 852 2683 fibi,
879 2589 961 2666 satis
980 2615 1142 2667 commo-

85 2691 269 2863 debantea
287 2687 515 2786 valentibus,
541 2689 576 2764 dt
597 2689 718 2768 febres
742 2687 991 2766 stomachales
1007 2692 1143 2766 accele-

85 2809 127 2864 ra
152 2800 227 2862 ant
265 2846 270 2852 .
779 2795 784 2808 “

181 2981 309 3074 Nemo
340 2968 494 3058 ta'ndem
519 2981 769 3081 ignoraverit,
804 2982 996 3064 diarrhoeas
1024 2984 1165 3081 hasce,.

85 3073 140 3158 ibi
163 3083 332 3157 locorum
356 3081 521 3174 inprimis
542 3081 778 3176 pertinaciter
798 3081 944 3174 sevire,
968 3083 1032 3156 ubi
1052 3087 1142 3158 mul·

86 3181 212 3254 titudo
239 3177 429 3254 hominum
453 3179 492 3254 in
512 3178 725 3254 exercitium
752 3181 917 3276 cogitur,
954 3181 1028 3254 five
1052 3183 1143 3258 mari

85 3279 165 3354 sive
187 3291 284 3351 terra
304 3276 341 3348 id
359 3272 445 3370 fiat,
472 3278 574 3371 quus
591 3274 644 3350 rei
668 3277 730 3352 vel
752 3275 845 3352 hanc
864 3277 1044 3352 rationem
1070 3301 1144 3354 ma·

87 3375 257 3450 nisestam
277 3371 346 3448 esse
370 3387 614 3466 autumamus,
639 3373 737 3468 quod
759 3373 997 3468 putredine&
1012 3376 1144 3456 foetore

88 3475 309 3548 excitentur.
380 3471 491 3548 Unde
525 3473 636 3547 etiam
667 3472 903 3550 ceremoniali
938 3473 1019 3568 lege
1056 3499 1163 3569 prae·

87 3585 237 3665 ceptum
260 3569 352 3660 fuit,
375 3581 420 3644 ut
439 3569 592 3664 quilibet
611 3567 796 3669 militum,
814 3569 940 3646 felium
961 3574 1145 3668 exemplo,
1161 3623 1167 3632 ·

87 3679 323 3744 excrementa
347 3663 408 3742 sua
428 3667 540 3741 humo
570 3669 781 3764 obtegeret,
805 3689 852 3744 ne
874 3670 1056 3763 eiusmodi
1076 3679 1165 3767 pu·-

85 3765 196 3838 tredo
218 3759 407 3856 existerem
437 3786 542 3858 quam
563 3765 761 3842 hodienum
776 3765 996 3842 sanctionem
1016 3770 1146 3864 populi

88 3861 345 3938 orientales&
368 3863 649 3955 Muhamedani,
673 3885 805 3960 magno
823 3860 887 3937 suo
904 3866 1007 3939 bono
1030 3865 1147 3942 sande

91 3959 312 4068 nistoriiunt.
363 3960 589 4062 Quotidiano
604 3981 698 4046 vero
715 3961 1165 4136 experientia-comaron·

481 4091 483 4094 ·
1074 4075 1144 4160 rat,
