2700 4780
376 237 471 334 slis.
494 233 703 314 senotn
995 255 1073 346 475

40 449 44 457 ’
103 417 369 500 PORCARIA
394 421 508 502 vulva
537 439 615 494 uno
647 415 708 492 die
734 411 817 510 post
842 427 985 510 partun
1012 437 1073 494 ex·

10 523 110 616 cisa,
134 543 241 618 quam
265 521 441 615 optimam
465 517 643 598 haberent
664 515 882 612 primiparae.

110 713 296 792 VULVA
317 712 537 790 STERILIS
558 712 662 804 Suis,
686 731 764 804 quae
783 731 966 803 nunquam
988 731 1074 804 por·

14 817 132 892 cellos
166 815 274 893 enixa
309 813 400 904 fulta
437 812 604 888 nonnulli
633 815 763 904 putant
796 805 940 884 Scrofae
973 807 1075 884 luill's

12 913 209 1004 castrans,
232 913 304 986 lloe
328 911 402 1002 est,
427 925 469 986 ut
483 899 710 984 excideretur
732 905 892 997 clitoris3
919 905 977 982 sed
999 904 1078 986 sues

8 1011 185 1096 clitoride
202 1025 339 1086 carent.
391 1009 457 1086 Ha
473 1029 601 1085 omnes
622 1019 802 1082 tantarum
823 1003 972 1082 fuerunt
986 1003 1075 1096 deliq

9 1111 174 1201 ciarum,
198 1123 242 1186 ut
259 1109 374 1184 Poeta
399 1107 575 1184 Horatius
603 1102 800 1180 cecinerit:

63 1281 119 1298 -
210 1269 261 1298 -·-
320 1277 437 1303 ’·-·
502 1279 551 1296 -
647 1237 891 1337 tumfitolraso

34 1359 137 1434 'Nil
158 1366 273 1438 meliro
295 1361 412 1446 turrirr
434 1363 484 1436 nil
508 1360 614 1434 valva
634 1360 807 1452 pulchrius
827 1359 946 1454 nnpln

453 1591 487 1682 §-
538 1569 652 1668 vul?

114 1737 245 1814 Paucis
260 1759 306 1810 ex
318 1733 391 1810 hoc
406 1734 551 1819 animali
568 1738 606 1812 in
615 1738 805 1814 Medicina
822 1741 971 1838 utimur,
991 1765 1082 1842 quo·

16 1859 102 1917 rum
122 1836 305 1936 precipua
330 1833 433 1910 sunt:

120 2011 327 2088 numne
361 2011 478 2087 APRI
504 2027 566 2086 aut
596 2013 678 2089 Suis
711 2015 899 2092 domestici
931 2021 1083 2098 eandem

19 2115 162 2194 habent
188 2111 449 2216 qualitatem&
470 2111 569 2202 vim,
597 2125 705 2206 atque
726 2115 877 2210 perinde
895 2115 946 2191 est
963 2133 1084 2196 utrum

21 2213 158 2290 horum
189 2209 390 2300 sumantur3
429 2209 604 2286 Pulveres
636 2211 869 2290 absorbentes
902 2215 1083 2296 interdum

19 2309 288 2410 ingrediuntur.
363 2331 368 2340 ·

121 2485 363 2562 AXUNGIA
399 2493 571 2564 comunis
604 2486 696 2564 nihil
728 2486 780 2562 est
810 2489 935 2582 aliud,
979 2515 1091 2588 quam

25 2585 183 2684 axungia
202 2583 283 2658 liris.
334 2585 377 2660 ln
398 2583 575 2676 officinis,
601 2586 806 2680 complures
829 2588 1000 2666 habemus
1023 2615 1085 2668 ax-

25 2687 179 2782 ungiae,
215 2681 273 2756 sed
302 2681 501 2774 sufficeret,
543 2683 670 2758 lihaec
703 2681 777 2758 sola
811 2685 966 2780 adelict,
1007 2713 1086 2862 311ae
1158 2692 1163 2703 '

29 2804 177 2874 recens,
199 2781 348 2856 minime
371 2801 462 2854 vero
478 2781 645 2872 rancida,
671 2781 740 2858 effe
762 2781 892 2876 debet,
920 2788 984 2863 nist
1022 2811 1086 2864 co·

27 2903 98 2978 pus
131 2881 173 2954 lit
204 2877 439 2955 calefaciendi
468 2879 502 2952 ἂ
528 2880 755 2972 penetrandi.
828 2879 872 2958 ln
904 2886 1088 2981 plerisque

25 2979 247 3074 unguentis,
273 2999 340 3070 pro
358 2975 430 3050 beli
447 2978 601 3072 axungia
624 3000 717 3072 opus
737 2977 810 3068 est,
833 2979 879 3054 ad
897 2985 1087 3061 emollien·
1232 3035 1236 3044 ·

24 3079 136 3166 dum,
163 3073 422 3150 &faciendum
444 3089 486 3148 ut
510 3075 712 3152 immixtum
739 3091 909 3172 penetret
931 3081 1087 3158 medica
1168 3143 1173 3155 .
1226 3114 1228 3123 ·

24 3185 205 3250 mentum.

125 3349 317 3447 Laesus
342 3349 521 3428 medicina
549 3349 600 3424 est
623 3348 792 3444 prestans
810 3353 847 3428 in
866 3353 1024 3451 Cophosr
1053 3358 1094 3446 ἀ,
1137 3357 1141 3364 ’

22 3451 189 3528 Tinnitu
213 3449 373 3536 aurium,
413 3447 511 3541 quod
537 3449 691 3540 plurima
708 3452 952 3527 ¹convincunt
986 3457 1088 3554 vulgi

21 3550 226 3644 exempla‚¹
245 3548 306 3640 qui
330 3546 502 3620 inumeris
521 3545 599 3619 fere
619 3547 668 3621 usr
685 3547 983 3650 medicamentis,
1007 3569 1088 3632 tan·

18 3649 112 3724 dem
137 3647 228 3724 lacte
250 3643 320 3718 iuis
344 3643 455 3720 l'anati
479 3641 682 3719 evaserunt.

127 3821 270 3912 SETAE
292 3823 332 3900 in
357 3819 550 3922 suffimigiis
573 3824 738 3972 excitant
758 3821 970 3920 hyster-icas.

707 3949 721 3978 ⁹
944 4021 1088 4104 STER-
