2630 4776
271 243 344 314 144
504 203 730 286 seronem
759 167 1085 283 animumn.

269 395 427 492 Nigritis
451 392 644 483 Indisque,
672 387 731 478 qui
757 388 862 479 primi
891 396 1046 462 einruem
1067 387 1141 480 ejus
1164 385 1296 462 invent

270 510 377 584 runt,
404 493 436 562 u
459 509 592 563 nomen
618 485 781 557 sortitum
805 485 856 559 est
877 487 922 557 ab
943 486 1120 574 efficacia,
1143 507 1220 578 qua
1243 489 1296 578 pol

270 595 344 680 set,
369 586 532 682 snguiari
563 587 602 656 in
626 585 808 654 vermibus
839 581 1080 672 destruendis,
1111 605 1229 674 quos,
1263 605 1294 656 m

271 689 386 778 teste,
412 685 545 778 ingenti
569 703 649 752 curn
670 702 821 752 numero
839 681 1192 773 experimentorum,
1220 694 1296 752 tant

266 790 310 866 vi
332 799 437 876 atque
463 779 616 872 successu
637 777 804 866 destruit,
819 793 870 856 ‚ut
887 779 950 850 vix
974 778 1070 850 aliud
1092 778 1296 850 medicamer

271 886 418 976 simplex
447 879 571 972 aequali
603 873 755 970 gaudeat
783 875 940 948 efficacia
969 876 1005 950 in
1033 876 1162 948 morbo
1198 875 1296 966 aliquo

271 979 507 1063 debeliando,
541 989 646 1066 atque
670 973 824 1066 Spigelia
851 975 886 1044 in
910 995 975 1061 20,
1011 975 1068 1064 qui
1092 995 1110 1044 a
1132 971 1296 1044 vermibus

272 1080 328 1153 his
356 1075 547 1172 procedit,
586 1071 759 1163 imprimis
788 1071 811 1143 si
836 1071 946 1144 febris
973 1069 1033 1142 seu
1063 1069 1296 1142 convulfioner

272 1177 394 1250 adfint.
445 1169 642 1244 Methodus
670 1169 740 1239 hoe
766 1168 986 1262 praeparandi
1017 1168 1296 1239 medicamennur

208 1362 213 1372 ¹
271 1273 421 1366 sequens
447 1268 518 1359 est,
551 1266 704 1340 scilicet:
737 1269 854 1361 Recipe
879 1266 1031 1354 Herbae,
1061 1266 1132 1336 sive
1158 1279 1296 1336 recentu

271 1371 392 1458 lette,
421 1368 478 1442 seu
502 1367 620 1453 siccae,
643 1365 846 1457 manipulos
869 1363 980 1452 duos,
1006 1385 1121 1454 eoque
1143 1359 1217 1432 leni
1237 1361 1296 1454 igni

267 1467 311 1542 ‘in
339 1489 429 1560 aqua
456 1465 553 1536 librae
586 1463 736 1555 geminae
761 1461 803 1534 ad
830 1459 966 1535 dimidii
998 1457 1287 1553 evaporationem

267 1568 443 1642 ,colature
465 1561 607 1633 residua
629 1559 718 1630 adde
740 1557 934 1650 pauxillum
961 1557 1136 1644 sacchari,
1165 1555 1201 1626 u
1225 1553 1296 1626 succi

266 1662 539 1744 'Limoniorum,
561 1657 604 1726 ad
621 1671 757 1749 gratum
773 1655 933 1748 saporem
953 1656 986 1727 dt
1003 1651 1199 1730 tollendam
1216 1647 1296 1722 visci·

272 1759 420 1832 ditatem
436 1753 659 1848 glutinosam.
690 1753 761 1846 Hic
774 1753 893 1825 obiter
907 1751 1182 1834 observandum,
1206 1743 1296 1840 quod

269 1857 335 1950 etsi
361 1855 547 1926 decutium
567 1872 825 1942 nonnunquam
850 1849 1064 1923 clarificetur
1083 1850 1116 1922 dc
1132 1847 1296 1920 edulcore·

272 1951 493 2043 turfnihilo
522 1963 641 2021 tamen
669 1949 787 2020 minus
809 1949 934 2040 aequali
966 1948 1117 2044 gaudeat
1146 1941 1296 2030 efficacia

261 2051 434 2146 adeoque
457 2048 589 2142 syrupo
604 2045 800 2118 *immisceri
826 2057 943 2138 queat.

217 2307 226 2332 ,
284 2243 287 2250 ’
368 2242 567 2318 Methodus
584 2241 741 2334 vulgaris
758 2241 830 2314 hoe
848 2239 1063 2335 propinandi
1080 2233 1296 2314 medicantem

271 2357 348 2430 tum
370 2341 420 2411 est
442 2341 609 2433 sequens:
634 2339 784 2410 Homini
804 2340 928 2411 adulto
949 2339 1051 2411 detur
1075 2339 1188 2428 libra,
1212 2337 1295 2409 horu·

269 2443 314 2514 1ae
333 2438 446 2532 spatio
464 2449 654 2526 antequam
678 2437 837 2508 cubitum
861 2441 953 2526 itur,
980 2436 1212 2528 &quamtitas
1234 2449 1295 2524 pro

269 2537 484 2633 portionata
523 2532 680 2625 subjefto
718 2535 853 2628 singulo
894 2533 1066 2606 teneriori
1098 2532 1131 2604 dt
1161 2527 1295 2620 iuniori,

264 2632 372 2736 'quod
399 2631 503 2704 semel
527 2643 711 2724 repetatur
734 2633 875 2726 singuiis
899 2655 944 2721 24
960 2632 1059 2703 horis
1082 2653 1147 2722 per
1170 2629 1295 2702 biduum

267 2733 335 2802 vel
362 2729 529 2800 triduum.
583 2727 655 2797 Sed
685 2727 710 2799 fi
736 2731 830 2823 larga
861 2729 1035 2820 ejusmodi
1071 2726 1161 2800 dosis
1196 2723 1295 2799 reddat

273 2826 527 2920 operationem
552 2823 657 2894 nimis
684 2827 903 2914 violentam,
932 2823 1062 2899 &usus
1082 2827 1158 2916 ejus
1180 2819 1295 2917 pericu·

263 2921 367 2998 ·losui
394 2921 580 3009 videatur,
607 2921 816 2996 methodum
844 2923 1068 3016 sequentem,
1094 2935 1224 3014 utpote
1248 2914 1295 2989 ni«

263 3029 340 3096 'nus
371 3017 627 3114 periculosam,
656 3017 809 3114 &aeque
839 3021 1017 3094 efficacem
1042 3017 1295 3098 commendabo

262 3113 349 3194 'Des
366 3116 513 3192 circiter
537 3115 664 3190 uncias·
686 3133 839 3210 quatuor
859 3119 980 3191 adulto
1001 3141 1068 3212 pro
1091 3117 1163 3189 dosr
1190 3113 1294 3209 prima,

271 3218 308 3291 tt
331 3215 475 3289 circiter
499 3213 586 3286 duas
609 3218 668 3287 vel
698 3229 769 3288 tres
797 3219 929 3307 quovis
954 3215 1120 3290 sexhorio
1147 3211 1294 3286 consecu-

261 3316 376 3402 tivo,
404 3313 427 3384 sr
456 3313 633 3404 permittit
658 3314 813 3404 qualitas
835 3318 923 3406 ejus.
974 3314 1043 3386 Sed
1065 3297 1294 3385 constitutions

272 3409 446 3483 teneriori
475 3422 657 3501 repetatur
689 3410 801 3482 solum
827 3412 952 3503 quavis
978 3413 1066 3482 hora
1096 3408 1229 3480 decima
1250 3397 1294 3472 ves

262 3505 505 3580 duodecima:
531 3507 601 3580 hoe
626 3507 860 3605 continuetur
880 3531 944 3602 per
965 3508 1111 3600 spatium
1131 3503 1294 3600 36ve148

260 3604 466 3704 horarum,
502 3603 584 3676 dum
616 3606 706 3678 dosis
739 3607 880 3699 gemina
910 3618 1115 3700 repetatur:
1146 3603 1200 3694 dt,
1231 3591 1294 3694 pod

263 3702 415 3798 plenam
446 3699 536 3772 dosis
569 3700 688 3774 sumtae
717 3706 990 3793 operationem,
1022 3705 1168 3796 juvetur
1199 3689 1294 3772 nobili

260 3797 428 3890 aquodam
446 3812 632 3891 purgante,
658 3789 759 3890 quase
779 3802 829 3874 est
847 3800 996 3874 infusum
1013 3799 1138 3873 Sennae
1153 3797 1209 3871 seu
1221 3791 1293 3866 Rha*

273 3895 415 3972 barbari
443 3895 706 3970 mannati·&c.·
724 3897 1032 3976 Medicamentum
1057 3899 1129 3972 hoc
1157 3891 1293 4052 somnup

1229 4006 1263 4081 it
1285 4015 1293 4032 “
