2604 4786
110 257 113 271 ·
233 233 510 316 numurus
538 235 803 320 nornmrcr.
976 207 1119 340 ur‘

2 419 104 497 utili
123 415 375 514 experimento,
411 407 549 500 marive
566 415 833 496 Botanioornm
854 421 953 520 gregi
975 419 1045 500 sese

6 515 187 596 rmuee
206 513 304 592 haud
330 513 564 636 erubuerunt
942 571 949 584 .

431 705 584 805 §.nr
713 769 714 772 ,
826 718 876 738 ·’

102 829 151 908 Ad
171 829 379 910 methodum
405 829 513 926 quod'
525 823 679 926 attinet,
704 833 935 928 alphabetico
960 833 1041 914 usur

2 931 73 1008 sirm
100 929 231 1022 ordine,
258 943 302 1004 ut
318 925 520 1006 Austorum
545 932 719 1022 nomina,
744 933 889 1026 quoties
913 955 1040 1010 occur·

2 1045 103 1121 rrnt,
132 1051 173 1102 eo
195 1027 337 1104 facilius
362 1029 396 1102 dr
420 1029 529 1104 citius
555 1027 808 1104 inveniantur:
858 1051 923 1105 eos
948 1031 1041 1107 v'ero

2 1126 208 1202 ›ermndeste
227 1125 389 1218 deserui,
424 1127 485 1222 qui
507 1128 568 1200 uel
591 1125 846 1218 inclarescendi
875 1142 1041 1224 tempore

2 1218 160 1300 eornm
185 1222 367 1300 Presidem
402 1225 441 1298 in
472 1220 704 1320 Philosophia
732 1221 934 1317 Botanica,
979 1229 1041 1304 vel

2 1322 175 1396 &mnndum
194 1323 312 1396 an'noa
332 1321 513 1396 editorum
536 1323 711 1396 librorum
735 1321 1039 1418 progrediuntur,
1154 1311 1167 1338 ‘

2 1419 95 1516 ruod
120 1417 327 1516 Generoiiss'.
352 1415 471 1494 Dznua
507 1421 768 1499 unnuuaue
798 1440 930 1515 magno
957 1409 1040 1501 c'utn

3 1513 152 1610 adplausu
183 1517 295 1608 secit3
342 1519 401 1590 vel
434 1515 626 1592 seeundum
657 1529 904 1616 argumentum
941 1519 1041 1614 quod

3 1614 265 1712 pertradiarunt,
303 1629 344 1688 ut
365 1611 485 1689 Dtnus
507 1613 637 1696 Praeseu
656 1613 695 1688 in
716 1615 946 1692 Bibliotheca
967 1615 1042 1692 uo·

2 1714 127 1804 unica,
148 1713 209 1786 vel
225 1711 383 1804 denique
399 1711 590 1786 secundum
607 1725 741 1806 terras,
770 1733 857 1808 quas
875 1713 1039 1790 incolue-

2 1825 93 1899 unt,
129 1815 201 1904 quo
232 1806 324 1884 nihii
354 1807 431 1884 sere
460 1803 657 1902 incertior,
700 1809 784 1884 dum
818 1811 909 1886 lucri
941 1811 1039 1888 duur

2 1909 172 2002 mpidine,
205 1928 305 1986 nunc
327 1906 413 1998 har,
443 1926 541 1982 nunc
570 1907 678 2000 elias,
702 1906 801 1982 adire
825 1905 943 1985 solent
962 1911 1039 2006 plu·

2 2027 47 2104 gas
67 2007 157 2096 viri,
194 2005 354 2080 nominis
380 2001 475 2078 sama
495 2003 669 2118 celebrer.
718 2003 788 2078 Sed
808 2005 851 2079 ad
875 2007 1037 2120 propoli·

2 2099 794 2314 ulmiia‘tallit'nl‘iir
811 2103 1037 2290 iiiiii:

3 2311 50 2392 3:o
68 2301 179 2375 Amor
196 2302 375 2396 mersoque
400 2301 542 2386 waler,
577 2307 722 2390 quoties
750 2295 794 2370 ad
816 2317 932 2372 rnearn
956 2317 1034 2394 per·

4 2411 162 2473 renerunt
189 2395 451 2494 cognitionem.
502 2415 565 2488 ,po
592 2392 677 2470 Nec
703 2395 869 2484 Munera,
904 2395 1035 2490 quibus
1061 2476 1064 2492 ,

4 2493 90 2570 irnsii
110 2496 213 2588 sunt,
252 2491 450 2571 dummodo
471 2513 628 2571 menon
657 2491 850 2580 innuerint,
890 2503 1035 2587 preter·

4 2593 108 2688 ,nesius
134 2591 219 2668 urm.
242 2615 246 2622 ’
269 2613 331 2683 pro
362 2591 515 2681 Annon,
541 2589 672 2684 quibus
692 2593 898 2688 inclarescere
917 2611 1033 2686 coepe·

4 2705 83 2782 unt,
116 2685 516 2788 pierumqueindicavi.
573 2691 636 2762 σεο
666 2685 725 2762 Ex
747 2687 883 2798 ingenii
898 2685 1033 2782 fetidus

5 2809 58 2862 ron
79 2788 144 2864 nii
169 2809 303 2876 unum,
338 2805 492 2880 eumque
515 2783 759 2880 precipuum,
794 2785 934 2861 adferre
958 2789 1041 2882 plu,

5 2887 76 2978 uit,
100 2907 184 2962 cum
208 2903 337 2960 omnen
356 2901 589 2972 enumerare,
618 2883 655 2956 ἀ
674 2883 738 2958 lon
787 2905 823 2956 m
844 2882 879 2956 dr
903 2883 1034 2960 inutile

5 2981 83 3076 liet,
118 2983 308 3078 inprimis
337 3001 419 3058 curn
451 2981 721 3068 Montaiiurrum,
792 2987 889 3054 :n'urn
915 2979 1032 3076 Praefi·

5 3083 64 3170 im,
86 3081 119 3156 dt
142 3083 336 3176 segniorum
359 3078 398 3154 in
420 3076 660 3152 Bibliothetis
679 3075 890 3168 Botanieis,
915 3075 949 3152 dt
971 3097 1033 3154 un·

6 3199 40 3252 ea
68 3179 251 3254 laudatum
288 3177 562 3252 nnnnnnv’nr
604 3172 642 3247 in
674 3173 858 3262 Methodo
894 3171 1032 3249 Medici

6 3273 88 3350 'tudii
105 3277 144 3352 id
164 3275 273 3350 fufius
287 3271 474 3350 absolvisiie
491 3269 820 3348 animadverterim.
872 3289 933 3366 7²0
947 3269 1032 3344 lin·

6 3393 61 3448 um
79 3371 332 3468 mensemque,
350 3369 546 3469 diemque,
569 3389 643 3463 quo
661 3363 829 3466 drrrffere,
854 3365 1034 3464 adscripsi.

6 3465 65 3546 {um
86 3489 209 3548 autern
229 3491 331 3562 mea,
363 3467 467 3563 super
493 3465 549 3540 hir
573 3463 747 3558 aliisque,
780 3461 906 3559 sepius
930 3463 1031 3553 srlue·

7 3565 50 3642 int
64 3581 324 3657 monumenta,
364 3585 486 3660 opere
510 3561 546 3638 se
574 3561 732 3658 pretium
755 3557 928 3638 sadiururn
953 3583 1034 3640 cru·

7 3661 38 3738 it
54 3667 196 3762 Reique
216 3664 417 3746 Littertrie
436 3661 546 3757 longe
568 3656 873 3754 jucundissimum,
890 3661 961 3756 'qui
982 3661 1032 3734 la·

7 3765 74 3838 :unis
94 3761 327 3862 supplendis,
351 3758 498 3855 quoties
514 3757 555 3832 se
572 3749 690 3854 'offert
714 3759 877 3852 occulo,
913 3759 1032 3834 otium

7 3853 71 3940 'uun
89 3857 305 3960 impendere
329 3869 405 3938 non
429 3869 623 3956 grtvetun·
928 3899 958 3912 -·

519 4027 542 4106 S
567 4053 590 4108 n
911 4035 945 4126 ς.
960 4023 1030 4143 lis.
