2714 4768
226 791 1317 1008 ornnarruus

621 1179 626 1191 1
693 1089 830 1162 ouant
1118 1170 1124 1184 ἶ

532 1209 639 1288 SUB
689 1198 992 1283 PRAESIDIO

388 1349 473 1497 D.
517 1355 601 1490 D.
650 1353 812 1485 Cau.
873 1349 1134 1480 Lruuuor

670 1565 862 1664 proposuit

313 1701 640 1796 ISACUS
741 1689 1231 1776 SUENSSON

583 1811 952 1892 lincopia-Mortua.
1003 1885 1008 1894 .

506 1937 648 2035 Upsaliae
682 1957 788 2031 1757.
817 1945 819 1948 ’
863 1928 971 2030 Junii
998 1941 1032 2014 8.

1074 2114 1311 2142 m

707 2253 740 2340 ς.
789 2243 819 2317 r.

393 2419 458 2496 uin
474 2418 616 2507 cibum,
640 2414 781 2490 homini
802 2413 957 2488 maxime
974 2414 1197 2505 naturalem,
1226 2413 1328 2513 sup·

139 2579 154 2604 .
430 2514 596 2610 peditent
622 2511 794 2603 stulius,
820 2533 840 2584 e
865 2512 977 2586 variis
1005 2513 1196 2586 arboribus
1222 2537 1328 2591 ena·

432 2613 591 2702 stannes,
617 2612 746 2704 quibus
766 2623 871 2684 terrae
888 2611 983 2684 intra
1003 2610 1168 2705 tropicos
1188 2613 1326 2688 abun-

242 2713 354 2802 dant,
390 2733 491 2804 quae,
525 2709 704 2804 frugiferae
738 2708 951 2798 admodum,
988 2725 1166 2802 perpetuo
1208 2713 1326 2802 quan

241 2811 401 2922 ilorent,
423 2831 504 2882 non
518 2807 666 2881 dubium
683 2805 745 2879 est.
796 2806 931 2900 Epulas
951 2807 1129 2898 ejusmodi
1145 2807 1324 2884 inemtas
1352 2837 1353 2842 ¹

243 2907 376 2984 ineolis
398 2907 589 2999 adnontmt
614 2903 806 2998 regiones,
832 2903 939 2976 nullis
963 2905 1040 2976 fere
1067 2903 1151 2976 anni
1171 2906 1323 2982 viciffi-

242 3001 430 3080 nunninus
457 3003 588 3096 asperis
614 3002 805 3095 exposrtae,
828 3001 892 3073 ubi
918 2999 1029 3096 frigus
1055 3002 1099 3074 ad
1128 3003 1327 3094 punitum

243 3101 515 3214 cnngdntionie
535 3120 717 3192 nunquam
734 3098 926 3172 adscendit.
978 3097 1174 3172 Inclinatio
1198 3116 1326 3176 natu·

243 3202 328 3272 ralrs
356 3199 555 3286 infantrun,
579 3196 750 3271 struoura
775 3195 958 3286 dentium,
985 3196 1137 3270 affinitas
1164 3197 1327 3276 clallica

246 3319 328 3369 cum
354 3296 497 3386 Simila,
532 3295 613 3367 satis
645 3293 875 3367 convincunt
907 3293 1040 3367 fruens
1067 3295 1210 3368 homini
1244 3287 1324 3371 ali·

245 3407 406 3503 mentum
436 3393 595 3486 prebere
625 3389 856 3485 aptillimum3
890 3405 932 3464 ut
959 3392 1353 3490 Gymnosophistas,

248 3489 359 3600 indrae
388 3489 587 3583 sapientes,
614 3502 844 3582 praeteream,
872 3489 934 3581 qui
959 3489 1023 3560 vix
1050 3490 1123 3560 alio
1150 3506 1327 3569 utuntur

247 3587 354 3675 erbo,
380 3607 485 3680 quam
501 3587 623 3658 calore
641 3584 723 3658 solis
740 3584 870 3676 colio,
896 3585 1021 3676 idest,
1047 3586 1251 3678 frnalibus,
1284 3593 1329 3666 δι

247 3682 367 3793 Persas
382 3683 612 3777 populosque
624 3683 680 3755 his
691 3681 888 3776 finitimos,
914 3684 974 3776 qui
990 3705 1034 3756 ex
1049 3683 1118 3756 suis
1133 3685 1329 3765 Palmetis

249 3792 363 3864 vitam
383 3778 577 3890 iustinent,
603 3779 698 3852 unde
722 3781 830 3854 etiam
854 3781 998 3869 omnia,
1032 3782 1331 3860 conservationi

250 3877 458 3952 mortalium
491 3877 647 3954 maxime
684 3875 900 3971 necellaria,
941 3875 1141 3956 desumunt.
1218 3881 1334 3960 Cum

1212 4001 1329 4056 ῊῙὊ
1352 3999 1353 4002 ’

1253 4313 1273 4358 β
