2604 4786
211 233 347 333 sos·
464 246 760 330 andrasum
791 247 1067 328 stacteum.

704 437 738 524 s.
790 430 836 504 11.

335 553 500 628 Frutices
523 554 657 646 campis
682 551 846 646 praebent
871 553 1139 642 umbraculum,
1168 571 1227 624 ne
1252 551 1300 622 aer

238 653 434 748 particulas
464 651 562 723 humi
590 651 755 724 minimas
779 651 813 724 &
837 651 1092 740 subtiliilimas,
1126 670 1212 742 quae
1246 647 1300 720 ali

238 763 400 825 mentum
425 751 589 842 praebent
614 749 757 838 herbis,
782 748 974 840 depereat:
1005 749 1068 822 sub
1093 745 1126 820 se
1156 748 1300 840 plantas

161 869 163 874 ’
237 845 444 923 nemorosas
466 843 499 919 dt
522 845 689 919 vernales
711 844 861 920 vividis·
877 847 986 934 foliis,
1002 845 1122 930 aestate
1144 867 1165 917 a
1192 843 1300 917 radiis

121 985 124 992 ·
236 946 343 1034 solis,
369 945 541 1017 &hieme
558 944 748 1017 frondibus
768 943 939 1036 delapsis,
965 966 985 1036 a
997 946 1081 1039 gelu
1098 955 1300 1036 protegunt

237 1041 567 1117 vehementissimo:
594 1042 750 1133 denique
770 1041 803 1116 se
825 1045 920 1136 intra
936 1043 1078 1133 plantas
1097 1039 1198 1113 haud
1216 1061 1298 1133 pau·

235 1164 319 1232 cas,
343 1163 480 1234 annuas
501 1140 705 1233 praecipue,
731 1154 772 1212 ut
789 1153 924 1238 pecora
940 1139 978 1212 in
991 1138 1293 1233 propagationem

235 1261 294 1312 eas
313 1237 460 1312 iutatias
486 1238 710 1330 relinquant,
737 1237 955 1336 desenduht3
983 1260 1065 1334 cum
1088 1249 1225 1308 contra
1244 1257 1286 1306 tr·

217 1337 343 1410 'bores
372 1336 537 1409 ardorem
565 1334 645 1408 coeii
669 1349 836 1425 arceant,
865 1333 1071 1428 ventosque
1099 1335 1283 1406 vehemen-

233 1435 348 1507 tiores
367 1435 405 1506 in
422 1432 561 1507 sublimi
577 1439 793 1522 codrceant,
822 1431 986 1525 quamvis
1011 1433 1127 1505 adhuc
1149 1445 1286 1530 tenues,

232 1545 396 1606 naturam
421 1530 580 1624 ipsorum
600 1529 772 1603 fruticum
793 1531 955 1604 induant.

689 1709 721 1798 §-
771 1703 838 1779 111.

327 1818 453 1895 USUS
473 1819 661 1894 Fruticum
684 1821 720 1893 in
737 1819 969 1895 Oeconomia
984 1821 1128 1916 privata
1141 1819 1284 1896 minime

231 1920 382 2015 exiguus
405 1917 475 1992 est:
508 1919 544 1990 iu
570 1939 693 1990 macro
714 1915 873 1990 &sterili
899 1921 988 2012 saepe
1009 1919 1087 1992 solo
1112 1921 1284 2007 crescunt,

230 2020 294 2092 ubi
324 2017 486 2090 Arbores
510 2018 667 2110 majores
690 2015 755 2087 vix
779 2037 821 2089 ac
845 2040 891 2089 ne
917 2018 982 2090 vix
1005 2017 1145 2109 quidem
1179 2037 1282 2088 emer·

228 2128 332 2212 gunt.
384 2113 548 2188 Frondes
581 2113 776 2214 pecoribus
811 2113 1282 2198 alimenta'subministrant,

229 2215 395 2306 adeoque
427 2227 532 2285 terrae
565 2209 791 2283 fertilitatem
827 2211 1016 2306 adaugent.
1074 2209 1282 2307 Lignum&

229 2315 417 2387 materiam
459 2309 780 2381 instrumentorum
820 2310 1005 2382 variorum
1045 2309 1300 2383 Oeconomia*

228 2408 417 2482 sufficiunt.
481 2405 591 2498 Sepes
620 2404 716 2474 viva
743 2429 788 2477 ex
816 2406 943 2478 iisdem
967 2407 1101 2480 confici
1128 2406 1279 2500 polluat,

229 2529 307 2600 quae
326 2507 396 2576 huc
413 2524 527 2595 usquc
552 2525 616 2596 per
632 2501 784 2594 patriam
799 2527 843 2575 ex
862 2499 989 2598 lignis,
1013 2502 1056 2578 ad
1073 2527 1212 2599 pecora
1230 2526 1281 2577 ex-

229 2602 432 2690 cludenda,
475 2621 551 2674 non
584 2601 657 2672 sine
691 2599 893 2692 perniciosa
929 2602 1095 2675 silvarum
1129 2603 1299 2696 jactura,

230 2711 412 2773 contexta
432 2695 524 2770 sunt.
575 2698 680 2769 Prata
703 2699 824 2784 alunt,
850 2719 932 2771 rura
949 2715 1104 2794 ornant,
1127 2699 1281 2797 gramina

227 2811 474 2893 promovent,
502 2795 540 2868 in
564 2794 658 2866 locis
684 2795 727 2866 ab
750 2795 878 2869 iisdem
905 2797 1058 2872 inclusis.

680 2977 712 3065 §.
763 2971 832 3047 IV.

323 3100 489 3176 Frutices
504 3101 599 3175 intra
617 3101 771 3176 Patriam
786 3103 1011 3196 habitantes,
1034 3101 1069 3178 h.
1090 3126 1122 3178 e.
1141 3103 1205 3197 qui
1223 3123 1279 3179 no·

227 3199 334 3277 stram
352 3200 433 3272 coeli
455 3201 668 3292 temperiem
689 3201 896 3294 patiuntur,
923 3202 1019 3275 haud
1040 3205 1159 3276 abste
1178 3201 1277 3276 fuerit

228 3319 463 3388 enumerare,
497 3298 755 3390 cumprimum
783 3298 825 3370 stt
853 3321 918 3372 eos
947 3299 1016 3372 rite
1043 3300 1297 3394 cognosceret.

228 3399 263 3470 dt
279 3394 424 3487 quidem
442 3393 634 3467 commode
658 3395 696 3468 in
718 3395 775 3469 sex
794 3395 940 3470 ordines
961 3397 1077 3469 dividi
1096 3397 1255 3492 poliunt:

323 3508 352 3582 l.
377 3508 541 3603 DUMl,
564 3513 625 3584 vel
651 3510 760 3583 aresti
789 3505 976 3605 Frutices,
1002 3515 1138 3608 absque
1162 3514 1276 3608 spinis,

226 3606 555 3779 {collatamaggiatgdinm
580 3623 622 3682 ut
642 3608 687 3680 ad
705 3608 806 3702 sepes
829 3613 935 3686 vivas
959 3614 1116 3686 maxime
1136 3613 1208 3687 srnt
1229 3632 1296 3728 acy

321 3819 370 3894 Il.
400 3816 615 3908 SENTES,
638 3819 675 3892 h.
694 3841 725 3892 e.
753 3823 840 3898 relli
870 3823 900 3902 F
901 3825 1036 3902 rutices
1059 3846 1142 3902 cum
1162 3825 1275 3922 spinis,

228 3933 269 3996 ut
294 3921 338 3997 iis
359 3937 499 4016 pecora
526 3917 773 3996 excludantur.
1110 4019 1165 4098 m
1203 4015 1273 4096 VE.
