2704 4776
286 253 691 344 txaurnn‘uara
719 243 863 346 vlvll.
1034 284 1106 370 v103

49 435 402 522 circumstantiarum
420 445 592 532 interiora
610 448 845 540 &exteriora
862 466 995 542 corpus
1013 449 1107 523 adeo

57 544 293 617 determinate
309 559 433 638 petere
451 545 591 641 pollet?
640 545 739 652 Quid
754 543 920 636 fimilius,
944 562 1048 638 quam
1065 557 1108 620 ut
1144 567 1148 582 ·

58 641 223 714 animalia
239 642 439 736 organisata
462 645 538 717 haec
556 641 738 717 efficiant?
788 641 885 748 Quid
906 641 991 714 huic
1013 643 1107 748 adini

53 737 197 830 aptius,
227 761 332 831 quam
349 738 563 816 subtiliffima
582 740 730 827 inseda3
753 761 905 834 quorum
922 741 1106 835 praecipu'a

47 834 205 909 vivendi
222 837 317 910 ratio
339 840 516 912 maximos
533 839 682 912 Natura·
703 831 843 932 Mystes
862 838 899 910 in
917 837 968 909 sui
984 838 1106 933 rapuit

44 931 356 1008 admirationem?
405 936 504 1040 Quid
535 935 706 1028 impedit,
733 935 948 1028 quominus
974 935 1105 1032 exigua

41 1029 125 1102 haec
146 1029 277 1104 infesta
292 1031 330 1105 in
346 1054 502 1126 corpore
523 1033 649 1106 nostro
672 1031 771 1106 sedes
793 1031 969 1125 habeant,
993 1043 1104 1127 quum

41 1149 155 1200 neca
175 1129 373 1220 majoribus
398 1130 574 1204 immunes
598 1129 670 1203 dici
700 1129 886 1224 poilimus:
916 1131 1103 1206 variorum

41 1225 146 1296 enim
172 1245 366 1318 generum,
395 1227 456 1301 sub
475 1227 774 1322 metamorpholi‚
804 1228 942 1322 integra
972 1225 1103 1304 insecta

40 1321 80 1393 ἃ
99 1320 203 1394 fimul
225 1322 366 1414 adulta,
396 1325 434 1398 in
460 1347 535 1399 uno
561 1324 762 1419 eodemque
788 1325 946 1398 hominis
962 1326 1101 1398 ventri·-

44 1419 156 1508 culo,
179 1419 502 1514 deprehendimus:
538 1422 613 1494 vid.
637 1423 689 1496 N.
713 1423 765 1496 D.
785 1423 937 1496 Archiat.
952 1425 995 1508 ὅ
1012 1425 1100 1512 Equ.

45 1515 154 1612 Refert
189 1523 226 1589 in
259 1521 318 1592 nil.
352 1519 516 1615 Holmenf.
553 1542 657 1612 1751.
732 1519 855 1624 Quid,
891 1519 988 1612 quod
1021 1519 1102 1613 ipsae

41 1611 180 1686 Muscae
195 1615 387 1706 carnaria,
413 1615 552 1710 aliaque
568 1617 695 1690 iisdem
712 1617 908 1712 comparia,
935 1637 1008 1689 ova
1027 1615 1101 1710 sua,

42 1710 81 1782 in
112 1711 360 1786 ventriculum
398 1714 619 1788 excludenda
654 1713 836 1804 nostrum,
875 1715 1099 1787 immittunt:

39 1805 258 1882 Mediocres
297 1809 500 1906 Ascurides,
548 1812 667 1906 magni
703 1813 876 1889 Lumbi-ici
910 1812 1100 1908 longaque

47 1905 189 1992 Taenia,
214 1927 290 1980 non
317 1906 409 1981 adeo
435 1910 563 2006 exigua
582 1909 702 2000 mole,
731 1909 768 1982 in
790 1929 858 1984 nos
880 1909 1027 1982 intrant.

138 2005 250 2076 Pulex
260 2012 431 2100 penetraris
451 2008 489 2081 in
502 2007 673 2082 America
691 2007 801 2101 pedes
820 2007 951 2097 intrat,
976 2002 1099 2079 ulcera

38 2099 257 2174 cacoethica
284 2102 412 2179 exitat.
930 2160 932 2166 .

140 2199 280 2272 Gordius
292 2200 475 2294 medinenfis
497 2199 535 2272 in
553 2196 666 2289 indiis
682 2219 816 2293 corpus
835 2200 967 2290 intrat,
994 2197 1097 2272 dolo·

41 2313 102 2368 res
130 2293 328 2390 ollocopos
357 2295 509 2371 inducit.
1065 2377 1067 2384 ,

138 2391 245 2466 Furia
270 2393 439 2486 infernalis
463 2415 507 2466 ex
535 2391 666 2466 aethere
691 2391 729 2466 in
750 2391 931 2466 Botbnica
962 2379 1098 2466 decidit

38 2489 78 2562 in
94 2487 193 2562 nuda
214 2511 371 2586 corpora
392 2492 600 2578 bominum,
627 2501 886 2582 momentoque
909 2489 1016 2581 citius
1034 2511 1096 2563 oc·

37 2585 155 2674 cidit,
180 2601 223 2660 ut
250 2589 392 2662 constat
416 2587 614 2662 observatis
642 2585 692 2660 D.
718 2585 759 2676 C.
786 2587 962 2662 Solandri.
1019 2589 1098 2659 Ver·

37 2707 106 2756 mer
140 2692 260 2759 ndnuri
281 2687 404 2760 Gordii
431 2685 524 2759 facie
552 2684 589 2756 in
611 2683 802 2781 Norvegia
826 2683 1097 2780 Elephantiales

40 2781 203 2950 ῧείῑξπε
234 2783 433 2858 &Ulcera
465 2781 697 2875 cacoethica,
738 2804 854 2878 nuper
887 2770 1105 2882 observavit

90 2891 239 2952 eronus.

138 2975 325 3050 Animalia
346 2979 422 3052 lraec
444 2977 585 3050 duobus
611 2977 791 3070 praecipue
814 2976 932 3050 modis
951 2975 988 3050 in
1015 2997 1095 3050 cor-

36 3093 108 3167 pus
121 3071 194 3146 sese
211 3073 385 3148 infinuare
401 3075 561 3168 adparet,
588 3097 696 3167 quum
713 3077 876 3166 morbos,
893 3076 931 3148 in
945 3074 1096 3147 interio-

35 3171 142 3244 ribus
161 3172 327 3264 corporis
348 3172 507 3266 partibus
522 3185 672 3264 enatos,
696 3171 982 3260 confideremus,
1009 3192 1046 3242 v.
1059 3191 1093 3265 g.

37 3265 189 3360 quando
221 3271 428 3364 contagium
459 3269 592 3342 collum
614 3265 657 3344 i&
685 3267 908 3342 stomachum
940 3258 1096 3364 primum
1148 3255 1189 3368 ¹·

35 3365 233 3456 infecerit,
255 3387 321 3459 per
338 3364 629 3459 inspirationem,
653 3363 931 3460 proculdubio,
952 3363 1094 3440 descen·

35 3464 190 3536 derunt:
225 3463 376 3536 morbos
404 3485 518 3554 vero,
552 3464 589 3538 in
618 3462 784 3558 corporis
812 3463 999 3558 superficie
1023 3462 1095 3556 pri·

33 3579 139 3634 mum
166 3559 400 3653 adparentes,
426 3561 707 3656 perpendendo,
734 3583 776 3634 ea
801 3561 983 3655 percutis
1010 3561 1094 3634 inae·

35 3656 250 3750 qualitatem
267 3658 302 3733 ἃ
318 3681 431 3753 poros
447 3658 482 3731 se
503 3658 694 3750 intrusrlle,
721 3657 886 3733 constare
908 3659 1065 3732 videtur.

133 3753 254 3848 AEque
277 3755 370 3832 hisce
395 3757 640 3849 animalculis,
669 3777 712 3832 ac
733 3757 818 3833 aliis'
838 3777 964 3831 eorum
986 3776 1094 3853 gene·

35 3873 144 3943 rum,
173 3863 341 3946 certum,
367 3865 441 3948 quo
468 3855 597 3947 edant,
624 3868 766 3947 ament,
792 3857 1092 3952 multiplicentur,

36 3950 225 4028 dormiant
251 3952 286 4027 dc
312 3953 523 4048 quieseant,-
555 3963 702 4127 &empus
739 3953 906 4034 tribuere·
932 3945 1094 4120 fasUeigl

122 4097 125 4104 ·
610 4075 636 4144 4
1022 4065 1095 4122 oe

1290 2873 1307 2918 b
