2630 4776
263 182 336 328 rra
468 229 798 310 nuuonuruu
828 226 1115 314 surereuu.

260 413 302 488 in
324 411 423 488 sulco
446 425 618 502 exarato,
644 428 772 505 parum
794 412 894 502 alto,
907 421 1021 486 ¹terra
1046 407 1297 498 condantur3d

260 534 311 587 ne
328 515 409 608 gelu
422 512 573 587 tenellas
586 511 786 602 radiculas,
812 509 1031 602 insequente
1047 532 1158 600 vere,
1182 509 1283 590 evelle

261 624 505 706 contegantur
528 609 663 682 musco.
714 607 875 680 AEtatem
902 607 1051 682 CCCC.
1075 627 1247 680 annorum
1266 627 1294 678 ra

261 707 339 782 rius
365 707 519 804 adtingit
534 698 587 798 l).
637 705 797 779 Gemmae
814 707 1027 779 terminales
1050 717 1192 793 tanturn
1208 725 1289 776 ramo

261 803 453 896 exserunt,
492 805 657 897 adeoque
689 804 839 878 minime
872 805 1045 878 omnium
1077 799 1231 896 topiaria
1256 799 1297 882 esd

260 905 422 992 Radices,
452 904 555 975 velut
582 903 618 975 in
645 897 719 996 ipsa
745 899 939 998 superficie
961 915 1073 976 terrae
1093 911 1230 988 natant,
1250 899 1288 991 pri

259 1001 374 1077 maria
398 1013 538 1074 tantum
563 999 684 1074 radice
707 1016 882 1095 excepta,
915 995 1287 1094 quaeperp'endiculari

259 1108 318 1172 ter
339 1100 410 1172 alte
437 1098 506 1173 sese
530 1099 721 1173 interram
747 1098 1087 1194 demergit,quare
1115 1098 1219 1169 etiam
1245 1095 1297 1184 hed

260 1200 371 1270 arbor
390 1198 455 1271 vix
472 1198 766 1289 transplantatur.
817 1198 967 1276 sivero
980 1197 1100 1272 Radix
1115 1196 1190 1268 lraec
1201 1201 1295 1290 prim·

252 1301 313 1369 ala
330 1296 391 1368 vel
408 1295 612 1368 coardletur
628 1293 724 1368 inter·
743 1319 850 1390 rupes
873 1293 934 1384 vel
950 1289 1005 1366 ab'
1013 1296 1091 1366 alio
1110 1292 1192 1366 saxo
1212 1291 1291 1382 impr·

260 1391 383 1482 ditur,
409 1408 451 1467 ut
471 1390 687 1466 descendere
707 1407 886 1486 nequeat,
912 1387 1040 1485 neque'
1059 1391 1168 1464 altius
1185 1387 1289 1462 adscer·

259 1490 316 1563 dit
336 1492 448 1662 cacplis
474 1514 586 1586 apex,
610 1491 707 1565 unde
730 1513 895 1590 pygmea
921 1491 1074 1584 evadit,
1101 1483 1293 1584 experientia

258 1589 364 1682 quoti
406 1611 508 1662 ana·
679 1625 681 1630 v
1008 1635 1010 1640 ·

357 1730 390 1779 2.
415 1705 566 1778 PINUS
591 1705 707 1780 Abies.
742 1705 796 1780 Fl.
823 1707 883 1780 Su.
903 1719 987 1801 875.
1032 1697 1178 1806 (Gran)
1204 1707 1297 1776 totam:

259 1803 423 1900 agnoscit
447 1803 635 1895 Sueciam,
665 1803 795 1878 Scania
826 1806 1019 1899 campestri
1055 1814 1221 1894 excepta,
1242 1813 1297 1888 pro*

257 1899 320 1975 sua
340 1901 468 1994 patria.
521 1901 563 1974 In
578 1901 683 1975 vario
705 1908 818 2000 crescit
842 1902 943 1996 solo,
967 1925 1042 1976 nec
1063 1889 1297 1974 vastifflnaesd

258 2021 317 2078 vae
334 2019 412 2071 eam
426 1999 645 2090 abhorrent,
669 2022 738 2073 nec
757 2002 878 2094 aprica
893 2004 1000 2092 loca,
1027 1999 1093 2076 ubi
1112 1995 1291 2098 turbulente

258 2095 492 2190 tempestates
521 2096 688 2190 irruunt,
724 2121 802 2172 eam
829 2099 1004 2194 fatigant3
1043 2101 1082 2172 in
1109 2087 1297 2182 steririffimq

258 2195 398 2289 campis
414 2208 590 2268 contenta
607 2194 658 2268 est
679 2195 738 2270 sua
756 2196 874 2288 sorte,
898 2199 986 2270 licet
1006 2196 1228 2292 pinguiorem
1247 2185 1291 2256 hu·

258 2305 359 2368 mum
381 2315 565 2385 nunquam
592 2294 752 2386 recuset,
781 2309 983 2368 cretaceam
1008 2316 1104 2368 vero
1129 2310 1200 2364 non
1223 2283 1297 2366 sertl

259 2391 301 2464 in
327 2390 548 2462 subhumidis
581 2388 717 2483 semper
750 2392 871 2487 degit,
907 2393 1092 2466 ficciffima
1121 2406 1207 2461 vero
1231 2383 1292 2454 loce

260 2486 408 2580 respuit.
461 2489 573 2560 Floret
593 2488 712 2562 mense
729 2489 757 2564 F
759 2490 1005 2564 lorescentiae:
1031 2479 1146 2564 Flor'er
1164 2496 1203 2568 ut
1216 2491 1297 2552 ante-r

261 2584 427 2662 cedentis
445 2583 604 2677 disposrti
619 2587 710 2660 sunt.
760 2587 969 2662 Semlaa'sua
988 2587 1142 2662 dimittit
1154 2583 1297 2672 sequenter

261 2705 361 2758 anno
386 2683 505 2755 mense
526 2683 798 2777 Regelationis‚
827 2709 904 2778 quae
930 2679 1085 2760 ¹collesla
1106 2699 1203 2756 terra
1218 2691 1297 2747 nan·¹

213 2785 214 2788 ’
261 2781 395 2856 dentur
424 2779 554 2852 eodem
584 2783 721 2874 mod0,
749 2784 855 2857 aede
884 2784 977 2858 Pino
992 2784 1144 2880 filoestri
1164 2787 1289 2878 conrue-

261 2888 444 2954 moratum
463 2876 525 2949 est.
577 2879 696 2952 Remos
716 2887 864 2955 laterales
883 2884 1061 2976 amputari
1089 2879 1190 2964 finit,
1212 2881 1247 2980 ut
1264 2883 1297 2962 ιιιἰ

263 2975 432 3059 arborem
449 2975 576 3066 aequali
594 2990 724 3050 trunco
741 2979 946 3071 excrescat,
972 2981 1088 3066 modo
1106 2977 1148 3051 ad
1163 2969 1297 3058 radrcernl

264 3077 407 3167 aliquot
420 3072 690 3165 relinquantur,
717 3077 778 3168 qui
795 3078 945 3152 eandem
962 3092 1110 3174 tegant,
1136 3071 1175 3145 u't
1191 3087 1231 3138 err
1247 3079 1297 3166 cop

262 3195 343 3247 rum
365 3173 489 3245 umbra
504 3172 748 3263 patrocinium
762 3175 911 3264 habeat3
939 3177 1098 3270 aliasque
1118 3157 1297 3252 emarcescrq

262 3273 384 3345 arbor.
440 3272 668 3344 Pulcherrima
688 3273 738 3346 est
756 3273 898 3366 sepibus
915 3274 1013 3346 vivis
1027 3276 1066 3348 in
1084 3267 1209 3354 hortis,
1231 3269 1297 3344 cun,

261 3370 360 3442 inter
377 3366 551 3462 topiariae
573 3368 751 3443 nostrates
771 3393 998 3463 nequaquam
1020 3372 1149 3444 ultimo
1170 3366 1245 3435 loco
1261 3349 1290 3424 fil

260 3466 449 3556 habenda,
473 3464 682 3559 semperque
699 3468 864 3542 virescit:
889 3469 1050 3563 Difficilis
1070 3467 1121 3541 est
1138 3457 1289 3550 transplan-

261 3579 356 3652 lala,
385 3562 558 3656 quoniam
579 3562 717 3638 fibrosae
742 3567 818 3659 ejus
846 3567 985 3642 radices
1003 3569 1109 3641 valde
1132 3561 1164 3636 se
1185 3565 1289 3646 expass·

260 3661 374 3750 dunt,
399 3661 433 3733 δι
455 3661 516 3734 sub
536 3661 723 3754 superficie
736 3678 848 3738 terrae
864 3677 1030 3759 reptant3
1057 3685 1138 3738 cum
1154 3672 1236 3730 vero
1254 3641 1289 3717 se·

259 3761 334 3835 mel
358 3761 420 3833 vel
444 3760 499 3832 bis
520 3761 734 3855 transposita
760 3763 831 3853 est,
856 3764 1028 3839 facillime
1053 3759 1181 3838 deinde
1199 3760 1287 3915 trffi·

315 4045 357 4131 ⁶)
372 4048 413 4112 lt.
433 4046 582 4118 w-Goth.
604 4066 636 4128 n·
648 4064 725 4144 2472
