2700 4780
249 200 362 350 ase
613 249 701 327 sus
732 249 965 330 senous..

249 438 319 511 bos
337 447 458 507 tamen
474 429 601 525 magis,
626 451 731 523 quam
749 431 818 504 alia
836 429 1046 521 animantia,
1069 429 1207 528 sarigim
1233 435 1310 526 plu·¹

248 557 308 609 res
336 532 433 606 enim
458 532 619 624 plantas,
657 551 730 620 prae
758 530 897 602 caetcris
926 528 1141 608 animalibus
1175 532 1313 624 phyto-

245 626 397 728 phagis,
423 625 579 719 respuit,
609 625 707 718 quod
735 626 817 700 satis
842 649 863 698 e
885 627 981 702 Pane
1003 626 1124 700 Sueco
1152 629 1310 702 constat

247 729 363 806 Foliis
380 723 537 798 vescitur
558 721 740 816 plerisque
758 725 979 818 graminum3
1006 723 1225 818 Herbasque
1249 729 1312 800 eli·

248 828 302 924 git
333 819 656 898 succulentiffimas.
717 821 873 896 Minime
901 844 993 896 vero
1018 835 1222 896 contentus
1254 826 1309 916 iis,

248 947 326 1018 quae
353 922 457 1015 supra
486 931 618 1002 terram
650 918 834 1009 crescunt,
873 921 1028 994 culinam
1051 918 1154 994 fuam
1187 923 1302 1014 rebus,

247 1036 344 1096 terra
364 1016 605 1107 absconditis,
634 1037 800 1110 reparare
819 1018 981 1114 cogitur3
1000 1039 1077 1091 mec
1093 1041 1231 1093 omnes
1245 1020 1301 1092 Ra-

248 1121 369 1211 dices,
394 1115 454 1191 sed
479 1128 618 1188 tantum
640 1111 864 1188 succulentas
891 1115 925 1188 dt
950 1116 1106 1190 maxime
1126 1114 1163 1190 se
1190 1118 1306 1192 multi·

248 1219 450 1314 plicantes,
478 1210 640 1286 sebtatur.
706 1211 891 1306 Praecipue
920 1213 1119 1286 Radicibus
1150 1213 1309 1288 Scorzo·

247 1337 366 1404 nera,
395 1308 701 1406 Tra'gopogonis,
726 1308 1023 1400 Leontodontis,
1051 1311 1311 1405 Filipendulae,

239 1413 434 1504 “Stachyos
445 1407 609 1502 palustris
627 1406 660 1478 de
675 1405 819 1482 Cumini
838 1407 1044 1482 delectatur.
1083 1407 1129 1483 ln
1143 1410 1311 1484 Wcstro·

163 1525 166 1533 “
247 1511 408 1596 Gothia,
442 1505 570 1580 Scania
597 1504 631 1576 &
654 1503 883 1596 Srholandia,
920 1507 983 1578 ubi
1009 1506 1248 1582 Scorzonera
1273 1510 1311 1584 in

246 1607 359 1702 pratis
384 1603 533 1691 crescit,
558 1602 650 1674 adeo
670 1599 836 1676 aSuibus
862 1602 1088 1677 effodiuntur
1112 1620 1245 1699 prata,
1271 1621 1313 1680 ut

246 1704 331 1790 inde
355 1700 471 1774 statim
499 1699 718 1772 concludere
745 1701 855 1772 liceat
878 1701 1143 1776 Scorzoneram
1170 1703 1225 1777 ibi
1250 1705 1307 1779 ha·

244 1799 389 1887 bitasse3
412 1798 505 1870 idem
529 1795 675 1870 obtinet
697 1797 805 1870 etiam
828 1799 921 1892 apud
943 1820 1034 1888 nos,
1059 1800 1122 1872 ubi
1143 1801 1307 1895 Filipen·

245 1902 349 1990 dula,
376 1899 413 1971 in
434 1895 546 1991 pratis
566 1895 759 1991 argillofis,
787 1895 955 1988 frequens
972 1897 1045 1988 est,
1072 1920 1153 1991 quae
1167 1897 1309 1996 semper

246 2021 267 2072 a
284 1995 414 2072 Suibus
436 1993 661 2069 infestantur.
712 1993 889 2066 Videmus
905 1995 1015 2083 Sues,
1040 2017 1106 2089 per
1122 1998 1307 2092 integrum

245 2097 361 2184 diem,
398 2115 502 2188 agros
530 2091 712 2180 effodere,
743 2091 922 2185 nobisque
954 2093 1037 2166 inde
1063 2116 1237 2190 magnum
1267 2097 1303 2172 iu

246 2192 479 2268 Oeconom'i'a
498 2189 713 2284 pollicemur
729 2190 981 2278 commodum3
1006 2191 1143 2286 quippe
1164 2193 1304 2286 persua·

245 2291 318 2366 sum
338 2291 532 2377 habemus,
563 2287 668 2378 illos,
696 2286 833 2362 radices
857 2288 1073 2382 extirpando
1091 2289 1233 2364 Tritici
1249 2313 1301 2364 re·

244 2390 386 2485 pentis,
413 2409 517 2482 agros
533 2388 626 2458 bene
643 2407 806 2482 purgare.
859 2385 928 2458 Sed
950 2385 1061 2476 falso;
1090 2387 1187 2462 Sues
1208 2389 1295 2464 euim

242 2487 448 2561 delicatiori
462 2483 620 2580 gaudent
640 2485 743 2579 gula,
770 2505 874 2577 quam
894 2496 1022 2557 uttam
1038 2487 1144 2559 tenui
1163 2485 1287 2580 pascan-

242 2597 301 2660 tur
322 2585 428 2672 cib03
474 2583 551 2674 ejus
587 2602 679 2653 vero
708 2582 816 2672 loco,
852 2581 1007 2654 Radices
1029 2581 1081 2654 ibi
1112 2583 1286 2677 reperimt

242 2682 421 2774 Stachyos
454 2677 644 2772 palustris3
684 2701 770 2751 arva
804 2678 885 2753 sunt
914 2681 1197 2774 pulverulenta,
1228 2701 1292 2755 uec

241 2781 392 2851 multum
416 2776 552 2846 laboris
574 2775 757 2866 illisopus
781 2777 854 2864 est,
882 2777 924 2849 ad
947 2778 1080 2850 vidium
1105 2779 1159 2850 ibi
1182 2779 1298 2871 acqui·

239 2867 402 2947 rendum.
454 2869 554 2960 Saepe
573 2869 689 2941 'etiam
718 2871 909 2947 densrflima
935 2874 1217 2970 sterilissimaque·
1243 2875 1299 2948 Pi·

239 2981 323 3044 neta
342 2967 534 3060 diligenter
550 2965 717 3055 fodiunt,
739 2970 802 3042 ubi
820 2985 915 3044 terra
937 2972 1131 3048 frondibus
1147 2973 1300 3048 acerolis

239 3067 330 3140 adeo
357 3067 449 3138 testa
471 3062 544 3152 est,
571 3077 612 3136 ut
631 3087 679 3136 ne
697 3066 844 3140 herbam
865 3071 1041 3162 quandam
1060 3072 1219 3146 viridem
1242 3071 1299 3144 ad·

192 3207 193 3212 =
237 3165 406 3251 mittant,
430 3162 464 3235 ἃ
486 3161 657 3234 miremur
678 3163 797 3238 forsan
813 3167 898 3258 quid
922 3168 991 3241 illis
1016 3169 1053 3242 in
1079 3170 1144 3242 tali
1171 3193 1299 3243 occur·

236 3275 293 3335 rat
317 3263 425 3350 loco,
460 3261 521 3332 ubi
551 3260 640 3333 nihil
672 3277 801 3353 prater
826 3264 931 3336 duras
956 3267 1096 3338 radices
1128 3267 1299 3342 observa·

236 3381 314 3432 mus
337 3359 528 3445 arborum,
554 3358 682 3450 quibus
707 3359 854 3432 minime
876 3362 1120 3451 defedarrtur3
1162 3365 1298 3438 ibidem

233 3477 327 3528 vero
361 3457 489 3528 Tubero
515 3455 698 3528 effodiunt
725 3459 879 3532 occulta.
932 3459 1182 3535 Cadaveribus
1208 3485 1298 3556 quo·

235 3575 304 3646 que
321 3551 355 3624 &
372 3552 549 3625 intestinis
568 3552 762 3626 vescuntur
783 3555 1012 3646 animalium3
1039 3581 1110 3631 nec
1128 3559 1297 3634 Lumbri·

233 3673 299 3726 cos
324 3648 513 3743 spernunt,
539 3651 583 3722 ab
607 3650 703 3742 ipsos
729 3651 993 3746 deprehensosq
1016 3671 1128 3748 atque
1154 3658 1208 3732 ita
1223 3658 1292 3732 ani·

232 3747 338 3821 maiia
363 3746 443 3820 funt
459 3748 779 3842 verepolyphaga.
830 3749 872 3822 ln
894 3751 1033 3826 deliciis
1051 3776 1147 3826 vero
1169 3759 1289 3830 eorum

231 3845 409 3918 habentur
441 3845 575 3918 frustus
608 3867 688 3916 cum
718 3844 945 3936 artificiales,
981 3864 1057 3923 tum
1086 3858 1289 3940 naturalest

229 3943 379 4016 nomine
402 3943 618 4018 naturalium
642 3942 879 4039 insigniuntur
901 3947 1002 4021 varia
1021 3947 1310 4026 frumentorum.

1139 4068 1291 4151 genera:
