2700 4780
360 123 466 202 AER
495 121 829 220 uestrarum.
1042 147 1129 222 ’455

52 333 55 343 ·
155 327 224 382 uo.
249 301 353 397 Adr,
376 327 399 380 e
421 304 658 400 pulmonibus
675 304 813 382 uostris
840 303 1049 397 exhalatus,
1067 305 1132 402 ,ul-

45 403 193 480 teriori
221 403 452 498 respirationi
482 404 654 497 inservire
685 405 836 497 nequit,
871 425 979 505 quare
1007 401 1046 476 in
1072 426 1130 478 ca-

50 503 173 578 meris
205 501 493 596 maj0ris.spatii
524 502 557 572 u
588 503 778 575 altioribus
813 502 979 574 homines
1014 501 1131 575 vitam

44 623 170 698 agere
191 599 447 691 salubriorem,
471 599 626 674 eolloilu
645 599 739 685 haud
758 598 902 674 difficile
923 599 987 688 esi.
1030 599 1128 703 Qua·

54 699 230 794 draginta
255 714 355 776 retro
385 700 511 788 annis,
536 699 669 802 milites
694 699 736 779 in,
751 696 909 777 Borussia
932 719 1013 771 eum
1039 715 1127 774 con·

50 799 306 886 ducerentur,
332 795 472 884 sabrurn
501 794 689 890 lignarium
702 799 896 890 capulum,
924 796 968 868 ad
990 793 1127 884 mensu,-

40 917 137 968 ram
165 894 308 968 eximia
337 895 504 988 corporis
532 892 582 966 sui
602 892 846 988 longitudinis
871 891 1128 971 accuratissime

50 990 250 1066 conficere
271 990 399 1085 jussere
420 992 558 1066 militias
580 991 739 1084 prefecti
762 989 959 1066 Officiales.
1010 991 1128 1066 Faber

47 1093 168 1166 hicce
181 1090 367 1186 lignarius,
392 1089 540 1164 latentis
554 1091 697 1183 ignarus
710 1089 801 1177 doli,
819 1089 863 1162 ad
880 1087 1125 1164 demonstran·

48 1190 145 1262 darn
169 1188 381 1278 mensuram,
411 1211 515 1282 quam
539 1186 990 1281 prefeuirequiuvennt,
1015 1186 1053 1263 in
1068 1207 1125 1258 ca·

51 1289 152 1381 pulo
180 1288 373 1378 jubebatur
398 1283 471 1380 ipse
497 1285 734 1377 decumbere,
768 1308 842 1376 quo
870 1285 988 1375 satio,
1024 1283 1125 1356 illum

54 1387 329 1478 interceptum,
356 1384 524 1476 imposito
542 1385 739 1476 operculo,
768 1383 867 1456 illico
888 1381 1123 1475 abstulerunt,

58 1497 214 1555 atvero
240 1483 298 1567 bie
319 1481 555 1568 miserrimus,
582 1480 664 1554 dum
686 1481 877 1576 respiratus
894 1503 959 1576 per
982 1479 1123 1574 pulmo·

56 1603 126 1654 nes
155 1586 217 1654 a‘e'r
240 1581 372 1675 eapulo
404 1579 681 1666 continebatur,
700 1579 863 1661 ,maxima
890 1580 1035 1666 illorum
1060 1577 1139 1670 im,
1209 1655 1221 1682 ι

51 1677 275 1771 prudentia,
311 1679 370 1772 qui
399 1679 612 1764 foramina,
632 1677 745 1752 aditui
774 1679 869 1766 aeris
895 1675 1123 1767 inservitura,

51 1777 182 1850 facere
212 1775 496 1866 intermiserant,
520 1773 716 1858 suffocatus
742 1777 848 1850 obiit.

159 1993 217 2048 21.
244 1971 435 2056 Pestiferus
466 1963 603 2060 variis,
636 1971 690 2049 uti
714 1967 846 2046 ditium
876 1967 949 2055 est,
985 1963 1121 2044 Plantis

57 2069 271 2156 exhalatur,
306 2078 388 2158 aer,
425 2069 621 2158 lloerhaaue
655 2069 845 2154 homines,
883 2068 1050 2142 colonias
1083 2067 1123 2140 in

54 2167 253 2242 Surinamo
277 2169 547 2258 collocuturos,
573 2166 634 2242 sub
659 2169 785 2240 umbra
802 2168 1017 2270 Hipparinum
1044 2163 1122 2258 qui·
1174 2245 1178 2252 ,

57 2263 221 2338 e'scentes
244 2283 306 2340 aut
325 2265 571 2352 dormientes,
595 2263 795 2350 ¹terribilem
825 2263 920 2350 haud
947 2263 1121 2356 suspican-

58 2379 115 2436 tes
143 2363 238 2436 illius
268 2363 456 2452 effestum,
496 2387 515 2434 e
542 2364 641 2452 vita,
675 2385 720 2436 ex
747 2361 970 2458 improviso,
1003 2357 1121 2436 deces-

57 2459 153 2548 filse;
183 2459 352 2554 ipsosque
380 2475 538 2552 ventos,
568 2462 758 2536 arboribus
788 2460 977 2554 eiusmodi,
996 2469 1121 2562 conta·

50 2559 239 2658 minutos,
268 2559 380 2632 vitam
400 2559 532 2632 incolis
556 2557 732 2653 sapiffime
751 2558 938 2648 ademisse,
961 2577 1121 2644 comme
1151 2625 1156 2632 .

63 2669 187 2730 morat„
251 2655 295 2732 In
321 2657 446 2732 umbra
468 2653 659 2828 fugiendis
684 2657 744 2730 vel
777 2660 929 2742 Snushuci
957 2657 1121 2738 somnum

62 2769 251 2847 petentes,
283 2755 443 2832 febribus
493 2755 662 2849 olorique
685 2755 815 2850 capitis
840 2754 1030 2831 obnoxios
1055 2753 1121 2836 ob,-

58 2853 248 2928 servarunt
264 2851 429 2944 Medici,
454 2853 488 2928 &
504 2855 659 2928 Bontius
678 2875 824 2946 quoque
838 2857 1045 2926 Santalorum
1060 2873 1121 2924 ex·

56 2951 253 3132 halationed
274 2956 447 3042 arborum,
482 2952 623 3026 incolas
651 2951 753 3047 Javae
785 2949 930 3046 speciali
956 2947 1121 3050 synoche

56 3049 148 3123 allel
174 3062 230 3124 tra
257 3049 296 3129 it.

154 3267 212 3320 22.
246 3247 502 3322 Toxicsdendrau
530 3245 900 3336 nanuum-amplexu
933 3241 1120 3336 calefacta,

56 3363 233 3438 vaporem
267 3365 400 3436 corpus
427 3337 612 3436 ,petechiis
643 3341 753 3418 inslar
780 3343 973 3437 Purpurae,
1016 3339 1120 3416 undi-

56 3463 127 3533 que
170 3441 494 3537 conspergentem,
534 3439 680 3516 emittit.
752 3439 943 3516 Tornator
975 3437 1123 3535 qaudam

54 3537 318 3632 Londinensrs,
347 3551 430 3612 ante
454 3537 587 3635 viginti
608 3538 753 3612 circiter
779 3559 919 3632 annos,
950 3539 1047 3636 ligna
1075 3555 1123 3612 ex

53 3634 227 3710 Anaetica
250 3633 548 3730 praestantissima,
583 3657 735 3728 quorum
766 3636 876 3712 etiarn
899 3639 937 3714 in
965 3653 1119 3712 nurnero

52 3733 371 3814 Toxicodeadrou
396 3747 497 3828 erat,
528 3735 744 3908 cossrsiecutus
772 3734 846 3830 est,
879 3738 985 3832 cujus
1010 3731 1121 3905 elitige-

652 3857 678 3928 4
1041 3853 1060 3904 a
1080 3848 1124 3902 ro
1145 3912 1151 3927 ¹
