2630 4776
277 243 345 320 118
378 232 801 314 TRANSMUTATIO
829 229 1250 317 FRUMENTORUM

265 417 462 512 stamina&
485 422 636 516 pistillo,
673 442 750 512 quae
779 435 882 495 extra
905 423 1033 495 florem
1060 421 1220 514 herent,
1248 421 1300 495 sun

274 514 498 591 divernffina
524 519 563 592 in
588 519 703 591 Secali
731 520 776 592 ab
806 521 957 606 Avenae⁸
976 521 1214 616 genitalibus,
1250 535 1300 622 qua

273 614 369 686 intra
390 619 525 710 glumas
549 618 805 705 occultantur3
831 619 995 710 adeoque
1017 620 1041 691 st
1062 619 1195 690 Aversa
1217 633 1300 700 muta

273 724 373 785 retur
395 716 432 786 in
455 713 601 802 Secale,
633 715 758 807 utique
783 718 943 810 gramina
971 715 1010 789 in
1030 737 1205 809 avenam,
1231 733 1300 810 quot

271 829 375 902 aeque
399 810 449 885 est
476 811 699 906 impossibile.

700 961 735 1050 s.
784 955 906 1029 xvu.

366 1097 478 1171 Aliud
514 1099 622 1173 etiam
656 1099 706 1172 est
736 1099 961 1172 obstaculum
995 1095 1300 1192 metamorphoseos

268 1193 412 1270 Avenae
431 1198 467 1269 in
492 1199 637 1286 Secale3
667 1197 798 1271 radicis
822 1198 959 1270 scilicet
982 1213 1066 1270 aetas
1092 1220 1230 1286 annua,
1253 1209 1300 1264 nec

269 1295 426 1369 biennis.
479 1295 577 1369 Perit
603 1296 700 1368 enim
726 1309 825 1368 certe
846 1298 929 1389 gelu
953 1319 1017 1388 per
1039 1297 1205 1388 hyemem
1223 1293 1300 1365 Indua

267 1395 357 1466 ratis
385 1394 490 1466 terris
522 1394 679 1488 semper,
714 1395 879 1486 adeoque
907 1395 1014 1465 etiam
1040 1393 1205 1466 videmus
1231 1392 1300 1462 ham

269 1513 351 1564 cum
372 1491 482 1564 sterili
500 1493 610 1564 herba
630 1493 812 1565 luxuriare
830 1492 868 1565 in
886 1492 978 1585 agris
996 1492 1183 1565 frumento
1200 1488 1300 1560 estiva

217 1672 218 1676 Ἰ
265 1587 373 1680 satis,
402 1591 455 1661 uti
483 1591 518 1662 in
545 1591 637 1688 agris
662 1591 896 1676 hordeaceis,
929 1611 1113 1682 nunquam
1144 1610 1229 1660 vero
1252 1581 1300 1652 vel

265 1688 374 1760 unica
393 1709 518 1758 avenae
536 1690 656 1779 planta
675 1688 712 1760 in
729 1689 821 1782 agris
836 1687 966 1760 nostris
983 1686 1161 1775 secalinis,
1187 1681 1299 1758 hordeo

265 1784 423 1876 hyemali
455 1785 639 1880 gravidis,
679 1787 777 1878 quod
807 1801 926 1880 tamen
954 1785 1118 1878 alloquin
1151 1781 1299 1886 saepissime

264 1881 460 1972 acciderit,
487 1883 571 1954 dum
593 1883 630 1956 hi
653 1885 727 1980 agri
755 1879 971 1974 precedenti·
998 1882 1119 1954 aestate
1138 1883 1297 1955 stercorat

260 1979 368 2058 suere
399 1979 488 2053 simo
519 1981 679 2073 equin03
717 1983 809 2054 novi
845 1980 1010 2073 equidem
1045 1983 1206 2072 plantas,
1238 1993 1298 2066 que

263 2077 379 2171 prima
399 2078 519 2151 astate
545 2081 664 2152 caules
685 2101 760 2153 non
785 2079 995 2172 proferant,
1024 2078 1116 2170 saepe
1140 2079 1249 2149 durare
1264 2071 1293 2140 in

264 2179 494 2270 proximum,
524 2178 621 2270 quod
641 2193 761 2251 tuanen
787 2199 969 2268 nunquam
987 2176 1120 2248 sudrim
1139 2197 1214 2248 cum
1233 2189 1293 2241 ave

263 2297 310 2346 na
326 2275 540 2364 observavi,
569 2298 677 2367 quum
700 2275 802 2349 radix
823 2277 900 2366 ejus
927 2274 962 2346 in
986 2273 1226 2364 frigidioribus
1244 2281 1297 2337 ter·

264 2371 314 2444 ris
334 2373 473 2466 semper
489 2395 606 2444 annua
624 2374 685 2460 sit,
710 2373 923 2464 hyemisque
941 2373 1094 2445 omnino
1120 2368 1295 2470 impatiens.

263 2469 389 2542 Multo
415 2470 535 2542 minus
558 2468 630 2544 hoc
655 2469 733 2542 fieri
759 2470 945 2562 qnisquam
974 2469 1120 2558 credat,
1144 2470 1218 2540 dum
1242 2481 1296 2555 prl-

263 2588 324 2640 mo
352 2589 449 2640 anno
476 2567 639 2662 culmos,
664 2567 829 2664 quamvis
856 2590 933 2641 non
956 2567 1093 2662 spicas,
1121 2565 1297 2664 producere

264 2665 499 2738 concedatur.

686 2809 721 2898 §.
771 2803 911 2880 XVIII.

360 2950 536 3052 Quaenam
574 2949 688 3022 caum
727 2953 871 3022 erronei
907 2947 1149 3041 experimenti
1182 2936 1295 3022 suerit,

261 3067 380 3122 meum
400 3045 542 3119 nonest
559 3047 747 3137 divinare,
773 3070 881 3140 quum
900 3047 1091 3138 multiplex
1110 3043 1176 3118 elle
1189 3051 1295 3142 potue·

260 3146 319 3218 rit.
373 3145 573 3239 Multiplici
602 3147 663 3218 via
689 3147 826 3220 incedit
858 3147 1100 3238 polymorphn
1128 3149 1295 3214 naturam

261 3243 420 3316 serendis
440 3242 509 3316 suis
534 3243 726 3316 seminibus
753 3246 796 3314 ab
819 3244 970 3331 avibus,
997 3243 1175 3327 aventis,
1199 3249 1295 3322 aqua·

260 3340 502 3434 drupcdibus,
531 3363 609 3435 quae
628 3343 849 3414 confirmtam
876 3363 1028 3412 avenam
1046 3341 1079 3412 dt
1097 3341 1229 3430 integra
1249 3326 1294 3398 de·

261 3452 391 3509 vorata
424 3439 558 3512 semina
586 3453 788 3510 excernant
813 3461 877 3531 per
902 3441 1022 3510 alvum
1050 3438 1205 3522 illibata,
1233 3445 1294 3537 per·

258 3535 351 3608 seda
367 3536 399 3606 ἃ
414 3536 597 3626 faecunda,
625 3559 703 3628 quae
719 3535 810 3629 saepe
827 3537 863 3609 in
881 3537 973 3631 agris
985 3534 1203 3620 stercoratis,
1226 3527 1296 3633 hcet

179 3693 182 3704 .
257 3654 335 3704 non
350 3631 443 3722 sata,
467 3635 680 3728 germinant.
731 3635 888 3706 Potuerc
906 3633 1036 3705 semina
1051 3631 1182 3704 Secalis
1201 3636 1293 3697 rtitlla

258 3729 360 3803 suillo
385 3753 466 3802 cum
491 3754 629 3820 avena,
664 3731 752 3804 licet
777 3745 848 3804 tam
875 3753 986 3825 parva
1015 3732 1230 3822 quantitate,
1261 3725 1294 3785 Ut

257 3829 387 3900 oculus
421 3829 539 3902 minus
574 3843 734 3902 attentus
758 3851 800 3902 ea
825 3853 901 3904 non
935 3809 1292 3904 animadverterim&

256 3926 431 4003 destructa
460 3951 525 4023 per
551 3929 719 4022 hyemem
751 3951 868 4004 avena
900 3926 1090 4003 luxurialle
1115 3908 1293 4088 uumffiffiss

1184 4041 1202 4093 c
