2704 4776
202 207 205 212 “
260 245 487 326 snorum
517 245 848 324 mensumn
1007 275 1080 350 ιθ,

13 431 191 510 Oroenhis
225 429 332 506 radix
368 427 585 523 pulverilata
620 439 791 523 tanquam
823 425 1028 524 specificum
1061 447 1083 504 a

118 531 237 623 Bryleo
260 527 547 602 commendatur.

21 647 218 742 Lipriritio
239 644 372 720 radicis
402 644 613 736 «reconem,
642 641 735 716 teste
765 643 861 717 Caelir
887 601 1081 738 Aureliano,

115 744 152 816 dr
178 743 275 817 idem
299 763 381 816 cum
403 743 510 816 melle
533 743 685 818 mimum
705 739 739 814 u
756 739 848 814 lade
874 741 970 816 dulci
994 737 1081 842 pro?

119 841 306 936 pin-atum,
333 839 427 934 apud
446 843 673 918 Boerdaaoium
693 838 867 916 obtinuit.

18 959 332 1070 Sabim'lnsusum
357 958 529 1053 &pulvis
557 956 833 1032 commendatur
856 958 987 1054 aRajo.
1142 1058 1146 1085 1

19 1083 120 1158 Mori
137 1079 273 1154 radicis
289 1091 418 1154 cortex
435 1077 473 1152 in
489 1075 646 1168 decotio
663 1097 683 1149 a
703 1079 855 1152 Sennerro
879 1077 1054 1155 laudatur.

18 1201 191 1274 Zrdoarice
207 1195 309 1308 radix
325 1215 345 1265 a
359 1191 578 1268 nostratibus
602 1191 702 1266 felici
723 1191 976 1280 cumsuccelsu
994 1181 1085 1294 supe

114 1305 350 1388 propmatur.

25 1409 146 1484 Ertaia
173 1407 302 1499 radix,
333 1403 423 1478 teste
449 1407 655 1494 Rmdeletio,
685 1418 748 1478 aut
771 1404 903 1481 radicis
925 1409 1085 1486 recentis

120 1505 275 1598 succus,
300 1501 390 1577 teste
413 1503 588 1592 Preoutr'o,
612 1504 794 1599 egregium
816 1503 959 1598 praestat
987 1507 1087 1583 auxi.

117 1605 225 1678 lium.

106 1745 257 1822 Haec&
279 1743 545 1835 surrepentia,
567 1756 734 1838 tempore
760 1746 900 1839 prandii
928 1761 991 1824 aut
1016 1775 1086 1828 σω·

24 1867 80 1926 nae
96 1867 185 1920 cum
208 1841 399 1916 lacticiniis
420 1838 586 1932 assumta,
610 1843 845 1936 purgantibus
869 1845 967 1920 srmul
987 1851 1111 1925 adri--

25 1947 112 2020 bitis
132 1943 170 2016 &
190 1937 375 2015 retardato
399 1937 506 2028 cibo,
530 1937 656 2012 selices
681 1939 831 2012 subinde
855 1943 1087 2022 exseruerunt

27 2041 192 2118 effetius.
252 2031 394 2111 Horum
420 2057 513 2109 vero
544 2036 707 2110 omnium
735 2039 978 2116 remediorum
1008 2045 1086 2136 vim
1168 2075 1172 2084 ·

29 2159 106 2216 non
130 2157 217 2211 raro
243 2133 428 2208 illuserunt
450 2155 614 2222 vermes,
640 2133 732 2205 adeo
754 2147 795 2205 ut
819 2133 962 2212 felicem
987 2164 1088 2217 cura-

31 2236 144 2310 tionis
166 2234 317 2329 scopum
340 2231 405 2305 vix
429 2248 471 2304 ac
496 2251 543 2304 ne
565 2229 632 2306 vix
653 2229 797 2324 quidem
824 2232 933 2309 ferire
956 2247 1087 2330 potue-⁴

30 2331 282 2418 rintMedici‚
312 2351 384 2423 quo
405 2328 440 2402 se
456 2339 645 2403 verterent
660 2327 872 2405 nescientes.
923 2333 1088 2412 Abscon-

30 2433 120 2506 dunt
139 2431 239 2504 enim
262 2427 333 2502 sese
354 2445 496 2500 vermes
521 2427 615 2500 intra
640 2425 808 2522 plicas&
832 2430 1008 2506 anstasius
1033 2437 1087 2510 ini

29 2531 269 2617 testinorum‚
294 2526 386 2599 adeo
411 2537 452 2598 ut
477 2521 650 2597 virtutem
676 2523 770 2598 suam
796 2527 957 2600 nativam
986 2535 1087 2626 prius

33 2627 215 2702 amiserint
246 2622 427 2712 remedia,
461 2642 565 2714 quam
593 2622 635 2694 ad
663 2621 810 2694 nidulos
831 2643 958 2700 eorum
975 2651 1087 2724 pene.

34 2739 127 2800 trare
147 2743 339 2815 noxasque
364 2719 434 2792 illis
457 2719 590 2794 inferre
613 2719 814 2814 potuerint.

132 2862 236 2940 Ante
264 2858 405 2950 aliquot
434 2879 550 2932 annos
579 2879 644 2952 per
673 2870 792 2932 totum
816 2863 942 2937 orbem
969 2861 1089 2940 Euro-

34 2983 145 3058 paeum
157 2957 409 3032 celebrabatur
419 2977 587 3030 arcanum
599 2957 904 3052 Herrenscbwaadi‚
917 2975 1090 3056 tanquam

31 3058 259 3135 certiffimum
295 3053 518 3128 medicamen
555 3053 599 3124 ad
634 3075 776 3127 vermes
812 3059 1087 3153 propellendos,

30 3156 133 3232 doses
152 3167 274 3230 autem
292 3171 423 3246 magno
439 3149 645 3224 venierunt.
696 3149 782 3224 Hoc
806 3175 882 3228 non
903 3155 976 3228 fine
998 3155 1088 3230 sum.

30 3279 90 3332 mo
106 3249 373 3348 laegrotantium
405 3249 652 3321 emolumento
683 3247 790 3322 etiam
821 3264 949 3324 contra
976 3251 1091 3346 ipsam

29 3353 177 3428 taeniam
199 3347 405 3442 usurpatum
429 3343 690 3419 confirmarunt
714 3343 944 3442 Parilienses,
968 3350 1086 3447 ingre.

29 3449 209 3524 dientium
225 3443 333 3536 hujus
349 3441 499 3523 remedii
517 3441 840 3536 &properationis
853 3443 941 3519 licet
958 3447 1090 3544 ignari,

29 3544 182 3622 illustris
210 3539 356 3636 quidem
377 3534 428 3614 D.
457 3541 644 3634 Saaoages,
680 3539 720 3613 in
748 3539 864 3616 literis
890 3543 934 3618 ad
957 3545 1019 3631 Nl
1035 3545 1086 3622 D.

30 3643 130 3720 Praes.
162 3637 289 3726 millis,
318 3639 416 3714 hunc
441 3637 629 3733 pulverem
657 3658 703 3710 ex
729 3637 775 3710 G.
798 3637 911 3714 Gutta
934 3665 985 3738 gr.
1001 3643 1089 3720 XV.'
1183 3665 1187 3680 ·

33 3736 282 3816 &Helleboro
299 3737 404 3830 nigro
424 3757 475 3831 gr.
486 3735 535 3808 V.
556 3733 746 3808 consrstere
763 3734 965 3814 subolsecit
993 3739 1089 3818 Cum

34 3840 142 3932 igitur
167 3833 428 3908 abominabiles
448 3831 485 3906 hi
503 3851 646 3904 vermes
674 3826 752 3906 non
774 3833 887 3908 solum
912 3837 1093 3932 infantes„

34 3955 163 4028 verum
191 3932 300 4026 etiarn
325 3942 430 4006 aetate
454 3927 655 4026 provedos
680 3928 929 4009 molestillimis
959 3937 1092 4044 exem:

50 4057 56 4068 ·
192 4075 196 4086 ·
986 4043 1086 4108 erent
