2630 4776
223 1869 245 1917 ἢ
391 1849 395 1856 .

257 267 329 349 154
358 247 757 332 MEDICAMENTA
790 250 1222 334 GRAVEOLENTIA.

252 446 396 530 tempus
421 456 498 512 non
522 439 604 510 leve
621 435 797 527 terendo,
823 433 974 511 heroica
989 437 1147 512 remedia
1166 435 1313 532 plurim

253 534 347 607 adeo
371 535 543 610 infamata
564 536 700 629 ubique
720 534 870 626 inveni,
899 548 941 615 ut
961 557 1039 611 non
1058 557 1186 631 parum
1213 535 1310 610 admi·

209 686 213 696 .
253 647 353 706 rarer
379 633 593 722 sententiam
614 629 910 723 C.D.Praes1dis,
935 656 1006 726 qua
1024 636 1232 708 exclamare
1248 655 1306 707 no

251 731 457 806 dubitavit:
490 733 661 820 Venena,
688 731 796 804 etiam
815 732 1015 822 teterrima,
1042 730 1138 806 caste
1154 733 1306 826 usurpa

252 829 540 928 praestantissima
569 829 677 904 nobis
711 831 872 922 praebere
904 829 1156 904 medicamina.
1225 827 1313 904 Post·

252 951 360 1024 quam
385 951 475 1002 vero
502 949 566 1018 ea,
594 950 666 1022 qua
687 925 780 1000 solet
804 925 1311 1024 argumentorumpesspicui·

251 1040 329 1101 tate
360 1047 500 1100 novum
531 1027 662 1121 dogma
692 1023 879 1112 firmasset,
916 1026 1037 1100 dicere
1069 1026 1135 1100 vix
1167 1025 1310 1120 poiium,

252 1138 391 1218 quanto
413 1125 501 1198 iilud
527 1124 602 1197 usui
632 1124 770 1217 semper
791 1123 879 1197 mihi
906 1123 1018 1197 fuerit
1032 1123 1070 1197 in
1086 1123 1313 1220 gravioribus

252 1222 455 1297 enodandis
489 1221 681 1296 medicina
708 1221 826 1295 nodis.
889 1221 1073 1314 Expontis
1106 1222 1226 1318 igitur
1255 1219 1313 1291 iliis

251 1322 559 1395 Graveolentium
585 1319 805 1410 virnstibus,
841 1319 886 1394 de
911 1319 1041 1412 quibus
1066 1320 1166 1393 inter
1196 1317 1313 1393 Obser-

253 1433 403 1492 vatores
425 1416 724 1513 praestantiffimos
745 1417 946 1507 convenit,
972 1418 1098 1510 paucis
1119 1417 1310 1494 videndun

254 1518 345 1606 erit,
378 1516 569 1609 quidinde
596 1515 742 1612 colligi,
771 1514 1016 1608 &quomodo
1042 1515 1241 1590 decantata
1261 1514 1313 1586 in·

251 1615 381 1786 primis
399 1613 658 1708 Chirurgorum
670 1613 902 1708 Repellentia
919 1612 1004 1686 inde
1019 1613 1202 1708 explicat-i
1212 1611 1313 1710 pauiu

268 1713 474 1786 uculentius
499 1723 644 1804 queant.

716 1833 750 1920 §.
800 1827 863 1902 XI.

354 1953 433 2049 Jam
464 1971 556 2023 vero
587 1967 670 2021 cum
698 1945 967 2020 Graveolentia
990 1966 1074 2018 raro
1099 1948 1223 2038 pura,
1254 1941 1298 2016 su

249 2049 557 2148 quemadmodum
581 2045 862 2134 suaveolentia,
893 2043 1022 2138 sapidis
1040 2044 1174 2136 saepius
1198 2041 1297 2115 mix-

251 2167 382 2246 protea
399 2148 509 2222 Flora
524 2144 724 2240 producat,
754 2141 846 2214 adeo
862 2154 926 2231 ut,
953 2163 1022 2235 pro
1040 2141 1187 2234 Sapore
1207 2141 1284 2213 div

251 2250 313 2340 so,
347 2247 419 2321 acri
452 2246 511 2318 vel
544 2262 689 2330 amaro,
731 2239 971 2313 diverfimode
1009 2252 1141 2334 agant3
1182 2235 1315 2332 juvabi

250 2344 559 2421 Graueolentium
579 2339 716 2429 aliquas
743 2335 964 2412 constituere
988 2334 1143 2426 Classes,
1173 2359 1266 2430 quar
1297 2366 1311 2401 s

253 2466 348 2518 nzma
367 2440 591 2535 Sabinfipida,
619 2434 700 2508 atda
720 2435 849 2522 Acria,
878 2457 935 2527 3:a
948 2435 1079 2508 Amara
1103 2435 1250 2531 compl
1267 2440 1300 2495 ἰ

251 2555 332 2628 tur3
363 2537 522 2612 Ordines
547 2546 667 2608 autem
687 2534 738 2606 ab
765 2533 921 2606 odorum
942 2532 1164 2605 fortitudine
1186 2535 1254 2606 vel
1271 2531 1302 2604 d·

250 2640 397 2715 bilitate
420 2633 656 2724 desumimus,
683 2645 796 2726 prout
819 2629 1005 2724 sequenda
1026 2628 1255 2708 monstrant

684 2816 755 2908 Clu
785 2848 818 2909 as
858 2813 893 2906 I.

396 2816 815 3051 onnvaounnnjsfn
846 2943 1185 3051 suuiusnnon.

607 3119 691 3192 Ord.
721 3139 754 3192 1.
805 3118 970 3191 Fortium.

256 3263 288 3319 1.
316 3258 496 3312 naeuus.
553 3240 624 3310 Vis.
655 3236 882 3325 Narcotica,
908 3236 1143 3329 Amnestica,
1170 3237 1314 3313 Phan

348 3335 451 3427 stica,
474 3334 717 3421 Dementans,
742 3333 974 3425 Exhilarans,
992 3335 1204 3428 Anodyna,
1226 3337 1264 3410 H
1299 3368 1307 3397 ·

340 3431 496 3522 notice,
537 3431 776 3525 Paregorica,
813 3431 1022 3526 Repeilens.
1089 3435 1197 3528 Usus.
1257 3433 1315 3506 D·-

348 3530 506 3620 mentia,
535 3526 773 3615 Carcinoma‚
798 3529 916 3602 Varix
938 3530 1019 3620 ani,
1044 3530 1291 3605 Ambustura.

251 3653 288 3704 o.
315 3649 593 3702 uuoscuauus.
642 3629 714 3703 Vis.
737 3625 954 3718 Narcooica,
975 3628 1231 3720 Phantastica,
1258 3629 1314 3702 Da

348 3737 538 3814 mentans,
565 3724 774 3816 Anodyna,
800 3724 1040 3816 Hypnotica,
1066 3726 1311 3821 Antispasm

349 3823 453 3912 dica,
478 3822 689 3915 dispellens.
748 3824 848 3918 Usus.
880 3821 1108 3918 Odontalgia
1133 3823 1290 3922 (fumus

349 3918 551 4016 Epilepda,
573 3919 842 4015 Hemoptyiis,
867 3921 988 3998 Varia
1009 3922 1091 4022 ani,

1131 4043 1167 4114 3.
1199 4043 1311 4097 Tan
