2768 4768
377 239 549 320 FLORA
577 241 793 322 DANICA.
1068 263 1115 343 31

48 419 188 506 Diaria
210 417 249 494 u
271 417 364 496 Atta
387 423 603 516 Litteraria3
631 425 818 520 Majorum
847 423 981 520 quippe
1006 447 1116 520 expe·

54 517 224 595 timentis
251 518 371 595 minus
395 524 563 597 contenti
588 523 793 598 adunatam
818 524 931 619 magis
956 523 1115 598 scientiis

58 617 332 712 perpoliendis‚
369 621 550 713 novisque
584 622 801 696 veritatibus
833 622 1114 716 locupletandis,

57 735 208 810 operam
233 717 272 789 in
300 716 376 790 dies
400 719 625 812 impendunt.
983 745 986 755 ¹
1130 792 1135 813 ,

149 813 294 886 Verum
315 815 412 889 enim
433 838 549 908 vero,
585 829 628 890 ut
652 815 746 891 intra
764 815 866 890 Artis
884 813 1116 890 Machaonios

50 909 256 1002 terminos,
282 912 412 1004 quibus
432 911 749 1010 impraesentiarum
776 913 1114 1006 cirumscribimun

48 1007 301 1100 firbsrstamus‚
330 1031 350 1084 e
375 1035 414 1084 re
442 1012 565 1086 nostra
598 1014 668 1086 erit
698 1011 781 1086 heic
813 1011 1113 1102 animadvertere,

51 1127 164 1200 quarn
184 1106 354 1196 insatiato
372 1109 521 1202 ardore,
547 1133 651 1204 quam
671 1109 875 1186 incredibili
889 1107 1030 1197 studio,
1053 1129 1114 1205 ge·

49 1204 155 1278 mina
168 1205 256 1278 artis
270 1203 429 1280 salutaris
440 1207 568 1299 fulcra,
592 1209 842 1305 cognitionem
855 1208 988 1300 loquor
999 1205 1116 1281 Morbi

50 1301 91 1374 dc
123 1303 381 1391 Memmius,
423 1303 635 1398 perficiendi
671 1305 933 1398 stabilendique
962 1303 1117 1398 flagrent

51 1400 131 1474 hoc
154 1411 321 1494 tempore
341 1402 537 1497 AEiculapii
558 1401 646 1494 filii3
681 1403 742 1476 Ad
765 1405 926 1496 priorem
945 1401 1115 1476 obtinen-

54 1497 144 1572 dum
162 1495 274 1572 finem
290 1511 407 1573 totam
422 1499 566 1582 strenue
585 1501 783 1576 conferunt
808 1520 956 1595 operam
973 1498 1114 1572 Anato-

53 1594 167 1686 mici‚
204 1596 435 1694 Physrologi,
469 1597 735 1680 observatores
769 1595 1011 1692 systematici3
1053 1593 1116 1670 Ad

53 1691 272 1788 posterioris
298 1717 390 1770 vero
428 1698 734 1790 complementum
764 1697 876 1772 unitis
904 1693 999 1792 quali
1026 1693 1115 1766 viri·

52 1791 123 1864 bus
143 1790 355 1886 conspirant
371 1792 411 1866 N
413 1807 522 1867 attuae
539 1794 715 1886 consulti,
741 1793 925 1888 Chemici,
949 1789 1116 1866 Pharma-

53 1890 221 1984 copola:
250 1889 455 1985 Utrumque
472 1914 537 1986 par
560 1891 756 1988 eademque
779 1891 911 1966 summa
929 1911 1115 1964 commen.

52 1985 118 2060 dat
138 1986 299 2076 utilitas3
332 1987 524 2063 Alterutro
546 1990 643 2064 enim
666 1989 856 2066 destinatus
886 2009 992 2084 quam
1014 1981 1114 2082 pelli·

52 2105 113 2160 me
134 2085 316 2158 claudicat
338 2087 555 2162 medicinam
575 2087 754 2163 factitans.

160 2181 309 2278 Historia
329 2185 465 2260 Medica
479 2182 530 2257 sat
547 2185 750 2258 luculenter
768 2183 951 2258 memorie
975 2182 1117 2280 prodit,

57 2282 205 2369 lumen,
231 2301 326 2374 quo,
350 2281 424 2355 hoc
443 2281 619 2377 temporis
635 2281 772 2374 trablu,
796 2277 983 2354 clariilimo
996 2278 1116 2374 super·

56 2379 114 2451 bit
129 2377 333 2452 Plantamm
351 2378 523 2470 scientia,
549 2380 741 2454 maximam
763 2390 901 2475 partem
926 2391 1117 2472 acceptum

52 2475 287 2550 referendum
305 2476 373 2550 elle
395 2475 617 2572 Asclepiadis
636 2477 833 2573 prosapiae,
863 2476 1068 2571 quippeqir
1099 2527 1115 2568 ,

51 2587 98 2648 ut
121 2595 169 2646 eo
192 2573 322 2648 melius
344 2573 395 2648 sui
416 2576 500 2648 voti
529 2597 682 2669 compos
707 2572 833 2666 fieret,
857 2563 994 2649 mente(
1007 2587 1066 2666 atq

52 2669 176 2745 oculis
204 2691 283 2745 non
309 2671 353 2745 ad
380 2671 491 2746 hodie
521 2673 664 2748 ufitatas
693 2685 834 2748 tantum
866 2672 1029 2766 plantas,
1055 2667 1116 2744 sed

53 2771 169 2844 etiam
195 2769 240 2841 ad
266 2789 414 2862 ornnes,
440 2771 560 2864 quoad
585 2773 662 2865 ejus
686 2769 766 2846 fieri
792 2769 917 2865 potuit
939 2782 1117 2844 terrarum
1204 2765 1207 2779 '
1260 2799 1268 2814 ·

53 2867 158 2941 orbis
186 2866 324 2962 species
350 2867 384 2942 se
415 2868 623 2960 convertit,
654 2869 698 2942 ad
726 2869 800 2942 hoc
831 2865 976 2941 indubia
1004 2867 1116 2941 novis

52 2965 94 3039 in
124 2965 205 3038 dies
230 2965 386 3060 fingulos
410 2965 562 3042 decedis
583 2965 854 3062 presentiffimis
881 2964 1050 3040 remediis
1076 2964 1117 3040 in

52 3063 214 3159 plantis,
238 3064 302 3137 ubi
318 3086 388 3138 nec
406 3066 556 3140 minima
574 3065 753 3158 ejusmodi
774 3061 984 3159 conjectura
1007 3083 1116 3158 augu-

50 3159 160 3236 randi
177 3157 255 3254 spes
276 3159 415 3236 affulfit.
468 3163 554 3237 Hoc
572 3163 610 3236 in
635 3161 739 3237 causa
763 3163 854 3254 fuit,
881 3162 1117 3254 quamobrem

51 3255 256 3333 indivulsus
283 3281 325 3332 ac
357 3260 566 3335 individuus
589 3259 786 3335 Medicinae
812 3282 936 3333 comes
961 3256 1118 3354 aprisca

52 3369 163 3430 aetate
185 3341 360 3452 adoptata
380 3357 423 3432 s1t
438 3359 614 3448 boemica,
638 3357 814 3452 palmario
828 3356 863 3431 dr
879 3370 1020 3432 tantum
1037 3377 1117 3434 non

49 3454 169 3626 ἒξῇἒὶο
187 3455 393 3550 plantarum
408 3455 472 3530 usu
489 3457 533 3531 ad
556 3457 770 3533 morborum
793 3455 1043 3552 expiationem
1060 3477 1116 3531 re·
1139 3508 1141 3516 a

103 3573 113 3623 ι
153 3574 190 3626 o.
721 3589 725 3596 ·
909 3618 910 3628 r

153 3649 284 3746 Longe
303 3673 395 3725 vero
419 3651 563 3747 lateque
583 3653 827 3748 patentiorem
851 3652 935 3727 heic
950 3673 1118 3747 campum

53 3769 231 3842 aperuere
249 3749 414 3824 acutiora
430 3753 608 3826 currentis
630 3751 738 3826 seculi
753 3751 913 3842 lumina,
937 3771 1006 3824 nos
1027 3772 1140 3850 cong

50 3845 275 3938 vincendo,
318 3869 442 3922 veram
476 3847 673 3924 Rotaniees
709 3849 962 3924 modiationem
997 3850 1116 3923 multo
1188 3847 1192 3858 '

52 3943 266 4022 uberiorem
281 3945 466 4045 magisque
479 3969 710 4026 communem
728 3948 810 4024 orbi
822 3944 1117 4119 foenerarsteassrtilis

84 4081 90 4088 ·
187 4101 198 4114 .
1035 4062 1115 4134 emq
