2630 4776
87 237 93 250 ·
226 241 301 328 ηδ
330 217 730 309 utorcnuturn
762 218 1198 352 otnvrotturm.

220 405 425 490 necessario
446 410 742 491 confideranddm
754 403 873 490 statuo
891 414 1089 512 quemlibet
1103 416 1306 510 morbum,

221 517 360 608 'nempe
390 512 633 608 qua‚Signa,¹
658 513 873 607 Effentiam,
909 513 1092 604 Causam,
1127 513 1161 588 dr
1193 515 1308 590 Prin·

175 617 194 666 i
221 613 336 708 cipio.
391 616 491 705 Signa
519 612 731 706 morborum
756 633 799 686 ea
825 611 905 686 sunt
932 613 1202 708 symptomata,
1236 627 1308 708 pet

222 721 306 805 'quo
320 711 439 784 morbi
458 709 525 783 ase
540 710 699 784 invicem
718 711 996 807 dignoscuntur3
1020 711 1111 786 &de
1126 711 1188 784 his
1210 733 1304 788 con·

225 809 356 882 venire
377 808 472 881 inter
496 829 623 882 onmes
639 803 675 896 ’ἃ
692 809 814 903 potest
832 809 866 882 &
883 811 1002 883 debet.
1044 807 1099 884 Ita
1116 809 1138 884 ii
1157 811 1251 902 quis
1264 813 1300 884 ib

228 921 369 1002 aegroto
389 905 803 1006 observayerittsebrim
832 923 974 982 acutam
1000 931 1081 982 cum
1099 907 1212 1003 pulsu
1238 907 1297 982 du·

226 1027 292 1094 το,
325 1004 505 1078 Dolorem
535 1007 695 1079 thoracis
723 1006 976 1102 punitorium,
1008 1005 1301 1100 Dyspnoeam&

227 1086 385 1196 Tutin,
415 1103 579 1203 dubitare
607 1127 683 1178 non
713 1103 843 1195 debet,
878 1106 964 1199 quin
990 1099 1078 1178 adsit
1104 1101 1297 1178 Pleuritis.

227 1187 376 1299 Effentir
392 1204 511 1276 morbi
538 1225 581 1275 ea
600 1201 673 1292 est,
696 1205 768 1276 fine
793 1225 863 1297 qua
883 1205 1032 1278 morbus
1051 1203 1209 1296 concipi
1237 1225 1299 1275 ne·

221 1301 320 1394 'quit,
343 1302 488 1374 &unde
507 1301 604 1374 ratio
626 1299 727 1376 reddi
747 1301 867 1396 potest
882 1301 1180 1397 symptomatum.
1238 1300 1298 1374 Sic

222 1397 411 1473 'essentiam
430 1391 636 1473 Pleuritidis
659 1399 935 1474 inflammationi
963 1404 1095 1496 pieurae
1120 1397 1298 1472 adscribi-

222 1501 328 1590 mus,
357 1499 429 1571 sme
446 1499 514 1571 hac
534 1498 631 1572 enim
645 1521 714 1572 nec
731 1494 898 1572 Pleuritis
914 1499 1083 1594 intelligi,
1107 1519 1182 1572 nec
1196 1499 1294 1570 ratio

221 1589 508 1689 symptomatum
537 1597 814 1690 pleuriticorum
844 1597 946 1671 reddi
980 1597 1111 1690 potest.
1178 1593 1293 1692 Carffa

218 1695 343 1767 'morbi
369 1691 441 1783 est,
467 1717 544 1787 quae
564 1698 733 1769 morbum
759 1695 809 1768 ita
838 1695 1029 1791 producit,
1054 1708 1095 1768 ut
1114 1691 1190 1767 hac
1217 1693 1288 1767 sub·

220 1775 297 1868 iata
322 1794 430 1866 etiam
457 1793 607 1869 tollatur
640 1795 800 1868 morbus.
864 1793 970 1867 Hanc
1000 1795 1119 1867 fateor
1145 1793 1292 1866 altioris

217 1882 293 1964 ‘esse
321 1889 521 1984 indaginis,
559 1891 651 1964 adeo
676 1905 719 1965 ut
740 1915 821 1967 cum
848 1885 1076 1988 Phyiioiogia
1106 1887 1291 1966 subtiliori

219 1989 417 2086 plurimum
435 1987 551 2063 adhuc
568 1991 696 2080 lateat,
723 1991 937 2084 inquirenda
954 1989 1077 2064 sedulo
1097 1991 1290 2082 omnibus,

219 2089 354 2260 {uibus
376 2087 597 2164 inveniendi
623 2087 700 2182 spes
727 2089 904 2182 superest,
934 2091 1000 2180 iis,
1032 2085 1128 2184 quod
1158 2089 1290 2178 doleo,

220 2194 424 2284 'enegata,
451 2187 512 2282 qui
536 2189 655 2260 morbi
678 2185 829 2261 causi'am
852 2187 948 2260 inter
964 2187 998 2260 δι
1016 2185 1188 2262 effectum
1215 2189 1291 2262 nui·

220 2271 297 2362 ium
329 2284 516 2359 discrimen
548 2284 763 2358 admittunt:
792 2285 907 2360 causa
929 2284 1133 2360 Pleuritidis
1162 2283 1289 2380 in,ob

219 2370 423 2459 unumne
444 2381 636 2477 sanguinea
651 2383 818 2460 vasorum
843 2385 1025 2458 minorum
1046 2381 1209 2479 pl'eurae,
1235 2383 1288 2457 sti·

219 2484 325 2561 inulo
345 2480 479 2553 ibidem
502 2481 681 2572 excitata,
706 2481 898 2581 consrstere
914 2482 1075 2571 videtur,
1101 2503 1290 2578 argumen-

220 2581 266 2656 to
292 2581 413 2654 fimilis
442 2579 698 2654 obstnruionis
725 2595 907 2670 externe,
933 2603 1010 2674 quae
1035 2577 1127 2654 fario
1152 2581 1290 2656 resolu-

221 2679 329 2754 tione
351 2679 427 2750 abit
450 2701 532 2752 cum
553 2679 745 2768 omnibus,
772 2680 902 2773 quibus
914 2691 997 2751 erat
1014 2677 1171 2772 stipata,
1198 2679 1290 2773 sym-

223 2777 460 2874 ptomatibus.
515 2780 721 2872 Principium
743 2777 862 2849 morbi
888 2777 960 2867 est,
997 2776 1095 2870 quod
1118 2779 1288 2850 morbum

219 2876 428 2974 producere
463 2874 700 2969 potest3s1c
730 2889 839 2966 potus
872 2874 1022 2970 frigidus
1055 2875 1093 2947 in
1127 2895 1289 2968 corpore

220 2973 397 3070 [restumte
429 2968 617 3048 Pleuritidi
653 2973 873 3072 principium
904 2975 1065 3066 praebet,
1108 2987 1309 3066 quatenus*

223 3072 323 3148 ssiam
361 3073 563 3168 producere
597 3069 941 3167 potest,·quanvis
973 3069 1175 3144 necessario
1213 3091 1288 3144 non

221 3171 425 3268 producat,
451 3194 520 3246 nec
535 3171 737 3266 proximam
762 3167 891 3244 droam
909 3169 1059 3244 caussam
1075 3167 1287 3242 constituar.

218 3269 352 3364 ¹Cau'ss‘a
368 3285 510 3345 remota
532 3269 750 3362 principium
772 3268 1031 3362 Metaphyficis
1054 3267 1205 3358 dicitur,
1239 3281 1287 3340 at·

217 3371 294 3464 [que
325 3367 448 3443 causiae
474 3369 705 3442 Medicorum
735 3365 1008 3439 Procatarorcae
1039 3387 1117 3439 non
1149 3368 1287 3456 minus,

225 3489 332 3560 quam
367 3467 624 3562 Proegumenae
657 3465 728 3538 huc
758 3464 912 3537 omnino
941 3465 1136 3555 pertinent.
1194 3465 1288 3567 Quis

217 3586 298 3647 non
328 3565 479 3640 miretur
514 3562 714 3640 confudisse
747 3561 839 3635 adeo
873 3561 1012 3635 diversa
1041 3561 1287 3636 Pratiicorum

218 3659 427 3758 plurimos?

678 3765 712 3852 §.
762 3757 830 3832 IV.

313 3857 399 3933 Nec
416 3881 508 3933 vero
524 3852 741 3950 Therapioe‚
772 3854 1000 3930 scientiarum
1016 3853 1180 3926 omnium
1199 3851 1285 3926 salu·
1304 3837 1305 3846 Ν

210 3955 405 4054 bertino,
427 3957 552 4034 mitius
572 3955 688 4034 satum
713 3955 801 4032 suit:
828 3951 1102 4030 materiarum
1124 3952 1282 4038 medica,
