2630 4776
225 177 291 253 ψ
312 149 724 233 uumcauuuaa
754 153 1189 232 unnvuotenna.

145 351 146 354 ‘
220 339 318 412 intel
335 336 395 409 ille
418 333 469 408 est
487 355 625 426 nexus,
648 345 690 406 ut
706 355 779 407 una
797 333 869 408 sine
885 336 997 409 altera
1018 333 1209 410 subsistere
1231 351 1310 408 ne·

221 451 339 532 queat.
392 431 569 536 Quamvis
592 445 712 505 autem
733 431 835 504 nulla
854 433 978 508 harum
996 433 1076 505 laedi
1096 434 1173 508 fine
1198 432 1310 504 vitae

221 531 431 626 dispendio,
458 552 527 603 nec
554 530 665 602 altera
686 530 761 622 pati
788 528 892 603 illaesa
916 534 1029 606 altera
1053 529 1181 624 polim
1207 553 1310 604 rno-¹

220 631 286 705 dus
304 645 447 717 tamen,
475 649 548 720 quo
566 626 792 700 laeduntur&
808 629 1003 720 juvantur,
1029 629 1079 702 est
1095 627 1306 702 diversiffi·

219 752 310 803 mus.
351 728 410 800 Sic
432 726 617 800 hominem
633 747 727 817 aqua
743 726 802 797 vel
826 739 931 819 partu
947 726 1187 817 exstantium,
1220 747 1310 810 vo·¹

218 826 392 914 lutando,
428 818 796 915 fricando,'ejusque
827 827 1018 915 pulmones
1055 823 1295 917 inspirando,

219 926 307 998 vitae
323 923 417 1016 quast
429 915 744 1012 reddimus,³‘dum
762 920 892 992 nidore
911 925 970 994 vel
991 923 1061 995 alia
1079 945 1310 1004 navorum,

218 1023 363 1097 laefione
392 1020 684 1112 delinquentem,
710 1019 925 1093 volatilibus
952 1019 1038 1094 naso
1067 1019 1234 1092 admotis
1260 1020 1310 1104 &l

94 1139 96 1143 ·
217 1121 301 1196 fotu
322 1119 528 1204 olidorum,
553 1117 765 1190 excitamus,
804 1115 943 1210 ⁴Itaque
961 1139 1029 1212 pro
1051 1118 1192 1211 duplici
1217 1117 1296 1207 hac

198 1218 403 1305 -machina,
428 1215 564 1308 duplici
582 1215 690 1287 etiam
709 1215 749 1285 vi
767 1236 836 1287 nos
860 1215 1020 1288 afficiunt
1035 1214 1310 1290 medicamen-¹

216 1330 275 1398 tat
302 1315 401 1388 unde
426 1314 548 1410 regula
576 1311 652 1385 Cel.
672 1313 722 1385 D.
743 1311 922 1404 Praefidis,
951 1315 1013 1385 vel
1037 1314 1197 1386 millenis
1217 1312 1295 1386 sta·

215 1412 543 1504 bilitaexemplis:
578 1413 699 1504 Sapido
722 1418 758 1484 in
784 1411 924 1498 Fibras,
941 1414 1056 1485 'Olidu
1081 1419 1117 1484 in
1140 1413 1310 1506 Nervus,

215 1527 328 1607 agunt.
382 1507 493 1613 Quod
516 1506 560 1581 ad
581 1507 699 1601 sapida
722 1508 843 1600 itaque
859 1509 1129 1600 eorundemque
1148 1509 1288 1606 agendi
1309 1507 1310 1600 l

215 1608 363 1682 modum
395 1607 549 1692 attinet,
581 1605 712 1678 horum
737 1605 881 1678 theoria
911 1605 992 1680 satis
1024 1607 1190 1698 expostta
1213 1605 1310 1696 est,

214 1725 286 1780 nec
309 1723 401 1774 vero
424 1701 605 1776 olidorum
622 1701 928 1776 virtutes-relide
949 1704 986 1776 in
1009 1687 1165 1778 obscur'o
1185 1703 1288 1792 sunt,

215 1801 268 1874 ita
292 1813 411 1878 tamen
429 1815 469 1877 ut
487 1801 687 1894 argumenti
709 1801 907 1872 tribuamus
928 1799 1151 1888 difficultati,
1180 1797 1310 1894 quodi

214 1897 378 1974 inventis
404 1896 564 1990 quaedam
584 1896 737 1989 addere,
763 1921 783 1970 e
804 1899 915 1972 novis
941 1897 1092 1974 colletla
1108 1895 1310 1972 observa-l

215 1994 404 2088 tionibus,
424 1995 552 2081 liceat.
1009 2015 1011 2020 ·
1309 1975 1310 2022 ¹

317 2210 633 2316 Quemadmodum
669 2215 740 2306 jam
772 2210 902 2304 Sapida
941 2209 1078 2284 diversa
1114 2208 1287 2286 diversos

216 2313 386 2389 exserunt
410 2309 558 2382 effeetus
583 2309 622 2404 in
644 2311 842 2402 Systemate
869 2308 1019 2382 Fibroso
1045 2307 1285 2402 ejusdemque

217 2409 422 2486 unionibus
442 2407 637 2496 vitalibus;
661 2409 708 2481 fic
728 2407 837 2498 Olida
856 2405 1094 2496 diverfimode
1110 2409 1225 2503 agunt
1242 2407 1284 2482 in

215 2507 417 2602 Systemate
440 2504 612 2578 Nervoso
639 2506 673 2579 &
697 2505 900 2579 adtinuibus
925 2506 1009 2578 inde
1034 2505 1310 2598 pendentibus}

219 2604 456 2692 animalibus,
485 2625 533 2674 eo
555 2618 693 2679 tantum
713 2603 938 2694 discrimine,
966 2603 1063 2696 quod
1080 2602 1284 2688 Olidorum
1309 2599 1310 2612 ’

218 2703 401 2790 ultiones,
435 2703 572 2772 latente
605 2703 720 2776 adhuc
748 2702 875 2775 intima
903 2723 1102 2776 nervorum
1133 2715 1283 2792 natura,
1309 2781 1310 2788 ἵ

217 2797 401 2874 difficilius
432 2798 690 2890 intelligantur.
758 2800 979 2873 Fundtiones
1013 2801 1108 2872 enim
1142 2817 1284 2870 nervo·

218 2919 320 2982 raim,
347 2917 433 2968 num
450 2916 469 2965 a
488 2893 671 2985 spiritibus,
688 2897 790 2970 ditiis
808 2897 1042 2984 animalibus,
1066 2896 1284 2970 vibratione
1309 2969 1310 2982 ,

213 2996 357 3088 aliqua,
391 2992 543 3066 materia
575 2993 762 3083 eledlrica,
800 2996 858 3065 vel
888 3016 1101 3087 quacunque
1125 3016 1166 3066 re
1189 2993 1282 3084 alia,
1309 3005 1310 3016 ¹

218 3093 422 3188 pendeant,
446 3093 519 3164 hoc
544 3089 662 3164 fateor
678 3115 736 3164 me
754 3111 833 3163 cum
858 3091 1078 3186 ignarissimis
1096 3093 1280 3187 ignorare.
1309 3075 1310 3124 ¹

215 3191 263 3267 Id
279 3189 590 3278 tontonovimus,
617 3189 671 3262 his
690 3213 759 3264 nos
772 3189 903 3263 smtire
920 3190 1087 3264 &motus
1107 3190 1280 3285 dirigere,

214 3313 288 3384 pro
308 3309 505 3362 nervorum
526 3287 763 3376 conditione,
791 3289 870 3380 plus
887 3290 1006 3362 minus
1025 3291 1163 3376 alacre;
1192 3287 1281 3359 hinc

183 3395 202 3402 “
216 3389 303 3463 laefis
328 3387 451 3458 nervis
476 3383 592 3459 sensus
614 3397 807 3479 motusque
830 3387 987 3472 turbari,
1014 3387 1073 3477 qui
1095 3385 1280 3460 refocilla-

217 3489 266 3562 tis
286 3483 412 3560 nervis
432 3495 622 3558 momento
639 3483 748 3557 citius
764 3483 929 3575 redeunt,
957 3481 1137 3558 constanti
1159 3485 1251 3580 lege.

652 3625 685 3712 n.
737 3618 842 3694 vui.

313 3737 492 3852 Quamvis
518 3759 611 3810 vero
632 3736 710 3809 solo
738 3733 893 3809 odoratu
911 3736 1079 3810 volatilia
1105 3733 1275 3808 aestimare
1309 3703 1310 3706 Ἴ

212 3839 358 3918 homini
382 3833 506 3914 datum
529 3835 593 3930 stt,
619 3833 816 3930 eademque
836 3834 986 3931 propria
1010 3835 1050 3908 vi
1075 3836 1114 3912 in
1138 3851 1274 3905 nervos
1309 3869 1310 3874 Ν

1155 3941 1273 4027 agant,
