2714 4768
222 201 331 307 'ai
563 213 729 289 nonar
762 199 991 292 canssrc‘s.

706 400 740 488 i·
791 381 852 467 iit.
888 435 889 440 κ

253 617 257 630 ¹
346 527 621 632 Quoddemum
644 529 688 602 ad
706 552 976 612 ntanauoaam
1001 532 1153 622 attinet,
1182 533 1302 628 plures

248 629 398 720 adeam
425 625 638 720 gignendam
668 627 792 700 cauisae
824 645 1059 704 concurrunt.
1124 631 1298 724 Explora-

246 741 324 802 tum
341 723 476 798 dudum
493 723 564 816 est,
591 721 654 796 ubi
676 725 777 818 quis,
803 728 865 800 vel
886 727 1129 820 perniciosum
1147 729 1299 822 aliquem

247 823 383 912 cibum,
409 822 469 893 vel
485 821 615 910 majori
631 821 774 914 quidem
791 823 1007 917 quantitate,
1031 849 1138 919 quam
1154 827 1299 900 utvires

244 924 333 996 vitae
359 920 474 992 eidem
493 916 668 994 sufficiant
686 918 882 1016 digerendo
899 921 1186 1016 &expulerim
1215 923 1300 996 sunt·

246 1020 344 1108 serit,
362 1040 445 1090 eum
459 1015 577 1096 statim
596 1019 795 1113 corrumpi,
817 1019 978 1094 acescere
996 1043 1126 1116 nempe
1143 1035 1205 1096 aut
1220 1044 1299 1095 ran-

246 1117 386 1194 cescere
402 1110 542 1207 &apud
560 1113 768 1190 fortissimos
786 1119 915 1208 etiam,
941 1120 1098 1193 tormina
1116 1144 1198 1194 cnm
1216 1121 1300 1193 bor·

243 1213 431 1308 borygmis
443 1225 549 1304 atque
564 1211 636 1284 alvi
651 1213 832 1289 solutione
846 1215 998 1290 efficere.
1029 1219 1206 1292 Praeterea
1220 1219 1301 1315 plns

245 1312 523 1398 alimentorum,
552 1310 613 1402 qui
638 1310 676 1384 in
700 1313 885 1387 laboribus
906 1315 1062 1405 vivunt,
1090 1339 1210 1409 quarn,
1238 1313 1301 1408 qui

242 1412 282 1486 in
302 1409 444 1504 quiete,
471 1407 706 1499 consumunt,
733 1412 964 1505 motionique
983 1412 1116 1487 adsueti
1134 1416 1157 1488 sr
1175 1415 1302 1488 eadem

242 1507 506 1598 destituamur,
538 1505 646 1581 citius
678 1508 770 1584 cibis
803 1523 1010 1607 gravantur.
1077 1511 1178 1588 Idem
1212 1534 1300 1586 nau-

1252 1609 1299 1683 tis

240 1825 338 1903 gabat.
381 1803 524 1894 impetum
542 1822 660 1896 quidem
681 1823 899 1884 intermittenda
920 1822 1073 1897 cujusdam
1085 1823 1194 1895 febris,
1210 1825 1300 1886 statae

238 1908 323 1966 vices
342 1901 522 1975 servaturae,
544 1919 612 1962 mox
633 1905 882 1977 opperiebantur,
911 1904 961 1964 sed
981 1905 1102 1978 frustra,
1130 1908 1300 1980 appetentia

239 1989 300 2048 eibi
317 1985 490 2061 viribusque
510 1983 608 2044 senfim
626 1987 818 2058 redeuntibus
832 1985 952 2062 ipsaque
965 1985 1086 2045 sanitate
1098 1988 1192 2047 indies
1205 1989 1300 2068 magis

237 2068 390 2142 magisque
413 2065 553 2127 restituta.
601 2063 693 2144 Quod
717 2065 736 2124 si
758 2068 866 2141 riparia
889 2067 987 2139 illius,
1009 2066 1092 2140 cujus
1117 2070 1300 2128 mentionem

236 2147 412 2225 injustius,
438 2143 540 2207 iveum
566 2145 687 2206 iladium
706 2147 742 2208 ab
761 2149 974 2220 initioeexpers
994 2148 1071 2220 suit,
1096 2147 1125 2208 dt
1146 2149 1301 2210 exaubam

238 2231 309 2292 inde
336 2228 432 2287 morbi
455 2227 700 2303 longinquitatem
726 2229 808 2299 vidi,
838 2226 1074 2288 &durationem
1098 2229 1186 2304 ipsrua
1213 2229 1301 2290 stadii

239 2312 277 2373 ad
298 2310 381 2370 bina‘a
398 2323 493 2382 usque
516 2311 565 2367 vel
585 2319 681 2368 ternas
705 2307 918 2367 hebdomadae.
959 2309 1109 2369 Durislima
1130 2325 1204 2372 aero
1223 2313 1301 2370 illo·

236 2408 303 2456 rum
327 2388 390 2449 sora
409 2403 489 2459 erat,
510 2404 636 2464 quorum
663 2389 783 2450 adversa
803 2387 993 2449 aDiarrlroea
1011 2392 1156 2452 valetudo
1178 2392 1302 2453 orieba-

235 2488 307 2546 mr,
334 2468 474 2544 siquidem
500 2470 672 2550 continuata
694 2467 760 2530 bec
787 2469 866 2545 ipsa,
893 2470 961 2530 dum
988 2475 1109 2532 morbus
1136 2473 1303 2546 obtineret,

238 2569 291 2614 eoa
307 2555 347 2612 ita
370 2549 550 2622 maceravit,
571 2562 605 2610 ut
622 2567 675 2625 per
696 2552 795 2625 plures
814 2554 946 2624 mensea,
966 2551 1045 2611 vires
1067 2551 1209 2613 resumere
1233 2560 1301 2614 non

233 2637 380 2696 valerent.
432 2630 538 2706 Neque
562 2631 673 2690 eleeto
701 2646 900 2708 emergentes,
932 2640 1127 2709 gerentesque
1158 2633 1301 2694 sanorum

233 2713 410 2792 personam,
429 2713 538 2788 aequali
554 2715 694 2784 temporie
713 2715 893 2784 intervallo,
915 2713 1032 2786 apulsa
1052 2714 1146 2788 pulsui
1162 2715 1299 2775 bedice-

155 2817 159 2828 ¹
231 2813 298 2862 aum
317 2794 399 2857 simili
415 2791 553 2868 saccoque
567 2794 648 2854 volae
665 2809 800 2854 manuum
820 2794 947 2864 ardore,
968 2794 1180 2858 obmuoionea
1199 2797 1303 2872 viscee

233 2895 299 2941 rum
321 2872 570 2949 igniicantibus,
602 2875 718 2934 liberari
744 2890 890 2946 poterant.
944 2872 1060 2950 Quibus
1083 2891 1178 2949 vero,
1211 2893 1299 2939 nova

232 2957 389 3020 febriculae
402 2956 481 3016 iiliua
499 2954 659 3014 accessione
679 2955 800 3016 remifflo
817 2955 913 3016 morbi
930 2957 1074 3029 contigit,
1086 2955 1199 3016 eumin
1215 2973 1300 3032 qno·
1331 2991 1338 3006 ·

234 3055 294 3116 que
316 3036 468 3099 confestim
495 3036 593 3109 lingua
612 3036 742 3095 debitum
760 3035 965 3096 &naturalem
982 3037 1123 3097 induebat
1145 3039 1299 3114 colorem,

234 3138 304 3182 curn
325 3131 491 3178 ceterorum
514 3131 617 3176 contra
638 3118 704 3178 alba
726 3117 777 3176 iiia
800 3119 849 3175 vei
868 3117 1042 3176 flavescente
1063 3119 1168 3192 pituita
1191 3118 1300 3178 sensim

234 3201 446 3267 evanescente,
480 3196 618 3271 sanguine
642 3201 724 3257 velut
749 3196 872 3269 suffusa,
902 3197 1019 3270 direpta
1045 3199 1122 3272 quasa
1149 3199 1300 3274 cuticula,

232 3283 405 3350 nideretur,
426 3279 539 3344 eumin
556 3293 688 3352 morem,
714 3293 803 3352 atque
826 3276 891 3351 poti
910 3277 1013 3349 aphrae
1034 3277 1095 3338 steri
1116 3283 1300 3354 plenamque

231 3365 318 3426 solet.
373 3361 510 3440 Quibus,
530 3360 704 3432 tempestivo
734 3359 900 3419 debitorum
932 3360 1211 3420 medicamentorum
1240 3359 1300 3422 usu

231 3447 309 3508 satra
336 3442 458 3508 Vnum,
487 3438 585 3499 Visam
610 3441 659 3500 vel
681 3440 767 3506 etiam
789 3438 869 3500 iliam
900 3439 977 3498 diem
1004 3440 1095 3502 sebria
1127 3455 1300 3502 memorata

232 3524 470 3595 accelerabatur,
492 3522 733 3593 cenetensem,
754 3536 792 3580 ne
807 3522 913 3580 berum
931 3520 962 3579 in
983 3521 1135 3594 depulsum
1152 3523 1299 3583 morbum

229 3608 418 3675 reciderent,
439 3603 487 3662 cui
510 3615 620 3674 praeter
640 3617 775 3674 ceteroa,
796 3602 956 3662 admodum
977 3605 1136 3675 parebant;
1156 3604 1199 3662 ita
1222 3606 1297 3680 qui·

232 3689 318 3760 dem,
352 3700 386 3746 ut
408 3683 543 3755 exempla
565 3681 636 3742 mihi
659 3684 777 3743 illorum
797 3681 979 3749 sisterentur.
1012 3685 1063 3756 qui
1085 3684 1130 3742 bia
1155 3697 1207 3743 aut
1229 3697 1297 3758 ter,

228 3781 403 3844 recuperata
422 3762 611 3838 valetudine,
634 3763 733 3822 denuo
752 3765 782 3822 in
797 3763 902 3824 febrim
924 3764 1192 3837 comprimerentur,
1215 3766 1300 3824 totl-

230 3852 358 3927 demque
381 3846 498 3905 vicibus
519 3845 741 3908 memorabilem
761 3843 867 3922 crisin,
881 3862 886 3872 ·
899 3857 987 3924 quam
1011 3859 1096 3906 antea
1119 3844 1300 3908 nominavi·

226 3947 313 4010 mua,
334 3929 547 4009 experirentur.
