<?xml version="1.0" encoding="UTF-8"?>
<!DOCTYPE html PUBLIC "-//W3C//DTD XHTML 1.0 Transitional//EN"
    "http://www.w3.org/TR/xhtml1/DTD/xhtml1-transitional.dtd">
<html xmlns="http://www.w3.org/1999/xhtml" xml:lang="en" lang="en">
 <head>
  <title>
</title>
<meta http-equiv="Content-Type" content="text/html;charset=utf-8" />
  <meta name='ocr-system' content='tesseract 3.04.00' />
  <meta name='ocr-capabilities' content='ocr_page ocr_carea ocr_par ocr_line ocrx_word'/>
</head>
<body>
  <div class='ocr_page' id='page_1' title='image "./carolialinnequi05schrgoog_0317.png"; bbox 0 0 2626 4804; ppageno 0'>
   <div class='ocr_carea' id='block_1_1' title="bbox 293 185 1104 290">
    <p class='ocr_par' dir='ltr' id='par_1_1' title="bbox 293 185 1104 290">
     <span class='ocr_line' id='line_1_1' title="bbox 293 185 1104 290; baseline 0.002 -22"><span class='ocrx_word' id='word_1_1' title='bbox 293 201 364 290; x_wconf 89' lang='lat'>316</span> <span class='ocrx_word' id='word_1_2' title='bbox 521 185 761 269; x_wconf 70' lang='lat' dir='ltr'>acnuam</span> <span class='ocrx_word' id='word_1_3' title='bbox 789 192 1104 272; x_wconf 73' lang='lat' dir='ltr'>umerorum</span> 
     </span>
    </p>
   </div>
   <div class='ocr_carea' id='block_1_2' title="bbox 194 370 1290 1830">
    <p class='ocr_par' dir='ltr' id='par_1_2' title="bbox 194 370 1288 954">
     <span class='ocr_line' id='line_1_2' title="bbox 293 370 1253 470; baseline 0.002 -22"><span class='ocrx_word' id='word_1_4' title='bbox 293 397 386 470; x_wconf 92' lang='lat' dir='ltr'>quor</span> <span class='ocrx_word' id='word_1_5' title='bbox 403 370 705 463; x_wconf 83' lang='lat' dir='ltr'>formosrffimam,</span> <span class='ocrx_word' id='word_1_6' title='bbox 729 372 787 444; x_wconf 93' lang='lat' dir='ltr'>cui</span> <span class='ocrx_word' id='word_1_7' title='bbox 806 395 910 467; x_wconf 89' lang='lat' dir='ltr'>pares</span> <span class='ocrx_word' id='word_1_8' title='bbox 925 387 1099 468; x_wconf 89' lang='lat' dir='ltr'>putentur</span> <span class='ocrx_word' id='word_1_9' title='bbox 1114 396 1253 468; x_wconf 84' lang='lat' dir='ltr'>pauca,</span> 
     </span>
     <span class='ocr_line' id='line_1_3' title="bbox 291 470 1247 567; baseline -0.001 -20"><span class='ocrx_word' id='word_1_10' title='bbox 291 474 466 547; x_wconf 75' lang='lat' dir='ltr'>referatur</span> <span class='ocrx_word' id='word_1_11' title='bbox 485 471 602 555; x_wconf 80' lang='lat' dir='ltr'>nulla3</span> <span class='ocrx_word' id='word_1_12' title='bbox 626 470 720 544; x_wconf 90' lang='lat' dir='ltr'>nitet</span> <span class='ocrx_word' id='word_1_13' title='bbox 737 493 893 564; x_wconf 85' lang='lat' dir='ltr'>purpura</span> <span class='ocrx_word' id='word_1_14' title='bbox 911 493 1073 567; x_wconf 89' lang='lat' dir='ltr'>auroque</span> <span class='ocrx_word' id='word_1_15' title='bbox 1094 473 1247 564; x_wconf 74' lang='lat' dir='ltr'>fulgida,</span> 
     </span>
     <span class='ocr_line' id='line_1_4' title="bbox 291 568 1288 667; baseline 0.001 -23"><span class='ocrx_word' id='word_1_16' title='bbox 291 576 446 667; x_wconf 85' lang='lat' dir='ltr'>palmam</span> <span class='ocrx_word' id='word_1_17' title='bbox 486 568 678 662; x_wconf 79' lang='lat' dir='ltr'>praeripere</span> <span class='ocrx_word' id='word_1_18' title='bbox 712 569 861 642; x_wconf 88' lang='lat' dir='ltr'>molitur</span> <span class='ocrx_word' id='word_1_19' title='bbox 892 571 1037 658; x_wconf 81' lang='lat' dir='ltr'>aemula,</span> <span class='ocrx_word' id='word_1_20' title='bbox 1077 570 1208 642; x_wconf 88' lang='lat' dir='ltr'>florum</span> <span class='ocrx_word' id='word_1_21' title='bbox 1239 573 1288 656; x_wconf 77' lang='lat' dir='ltr'>fad</span> 
     </span>
     <span class='ocr_line' id='line_1_5' title="bbox 292 665 1288 763; baseline -0.002 -19"><span class='ocrx_word' id='word_1_22' title='bbox 292 670 416 763; x_wconf 85' lang='lat' dir='ltr'>regina</span> <span class='ocrx_word' id='word_1_23' title='bbox 437 665 676 758; x_wconf 87' lang='lat' dir='ltr'>&amp;princeps,</span> <span class='ocrx_word' id='word_1_24' title='bbox 701 669 901 760; x_wconf 84' lang='lat' dir='ltr'>plantarum</span> <span class='ocrx_word' id='word_1_25' title='bbox 925 667 1062 760; x_wconf 87' lang='lat' dir='ltr'>gloria,</span> <span class='ocrx_word' id='word_1_26' title='bbox 1091 668 1185 741; x_wconf 80' lang='lat' dir='ltr'>sidus</span> <span class='ocrx_word' id='word_1_27' title='bbox 1208 670 1288 742; x_wconf 75' lang='lat' dir='ltr'>ridor</span> 
     </span>
     <span class='ocr_line' id='line_1_6' title="bbox 293 762 1288 863; baseline -0.002 -23"><span class='ocrx_word' id='word_1_28' title='bbox 293 767 392 855; x_wconf 90' lang='lat' dir='ltr'>dum,</span> <span class='ocrx_word' id='word_1_29' title='bbox 417 763 515 856; x_wconf 89' lang='lat' dir='ltr'>quod</span> <span class='ocrx_word' id='word_1_30' title='bbox 532 763 568 834; x_wconf 93' lang='lat' dir='ltr'>in</span> <span class='ocrx_word' id='word_1_31' title='bbox 587 762 641 836; x_wconf 92' lang='lat' dir='ltr'>his</span> <span class='ocrx_word' id='word_1_32' title='bbox 659 765 790 838; x_wconf 86' lang='lat' dir='ltr'>emicat</span> <span class='ocrx_word' id='word_1_33' title='bbox 807 763 870 852; x_wconf 88' lang='lat' dir='ltr'>ita,</span> <span class='ocrx_word' id='word_1_34' title='bbox 893 767 947 836; x_wconf 92' lang='lat' dir='ltr'>uti</span> <span class='ocrx_word' id='word_1_35' title='bbox 964 765 1129 838; x_wconf 88' lang='lat' dir='ltr'>minores</span> <span class='ocrx_word' id='word_1_36' title='bbox 1141 765 1234 838; x_wconf 87' lang='lat' dir='ltr'>inter</span> <span class='ocrx_word' id='word_1_37' title='bbox 1243 769 1288 863; x_wconf 85' lang='lat' dir='ltr'>ign</span> 
     </span>
     <span class='ocr_line' id='line_1_7' title="bbox 194 858 1231 954; baseline -0.005 -15"><span class='ocrx_word' id='word_1_38' title='bbox 194 933 199 946; x_wconf 89' lang='grc'>,</span> <span class='ocrx_word' id='word_1_39' title='bbox 292 868 397 954; x_wconf 89' lang='lat' dir='ltr'>lurra,</span> <span class='ocrx_word' id='word_1_40' title='bbox 423 864 470 934; x_wconf 85' lang='lat' dir='ltr'>fic</span> <span class='ocrx_word' id='word_1_41' title='bbox 487 858 617 934; x_wconf 78' lang='lat' dir='ltr'>oculos</span> <span class='ocrx_word' id='word_1_42' title='bbox 638 862 834 948; x_wconf 77' lang='lat' dir='ltr'>exhilarat,</span> <span class='ocrx_word' id='word_1_43' title='bbox 861 861 914 933; x_wconf 90' lang='lat' dir='ltr'>uti</span> <span class='ocrx_word' id='word_1_44' title='bbox 939 863 988 934; x_wconf 88' lang='lat' dir='ltr'>sol</span> <span class='ocrx_word' id='word_1_45' title='bbox 1011 861 1231 936; x_wconf 82' lang='lat' dir='ltr'>universum.</span> 
     </span>
    </p>

    <p class='ocr_par' dir='ltr' id='par_1_3' title="bbox 291 957 1290 1830">
     <span class='ocr_line' id='line_1_8' title="bbox 386 957 1288 1050; baseline 0.001 -17"><span class='ocrx_word' id='word_1_46' title='bbox 386 960 454 1044; x_wconf 67' lang='lat' dir='ltr'>,Est</span> <span class='ocrx_word' id='word_1_47' title='bbox 480 958 561 1032; x_wconf 86' lang='lat' dir='ltr'>sane</span> <span class='ocrx_word' id='word_1_48' title='bbox 585 957 913 1050; x_wconf 85' lang='lat' dir='ltr'>speciosrffimorum</span> <span class='ocrx_word' id='word_1_49' title='bbox 939 959 977 1034; x_wconf 91' lang='lat' dir='ltr'>in</span> <span class='ocrx_word' id='word_1_50' title='bbox 1003 959 1160 1034; x_wconf 89' lang='lat' dir='ltr'>floribus</span> <span class='ocrx_word' id='word_1_51' title='bbox 1186 963 1288 1034; x_wconf 81' lang='lat' dir='ltr'>colon</span> 
     </span>
     <span class='ocr_line' id='line_1_9' title="bbox 292 1057 1289 1150; baseline -0.006 -12"><span class='ocrx_word' id='word_1_52' title='bbox 292 1062 392 1138; x_wconf 90' lang='lat' dir='ltr'>nitor</span> <span class='ocrx_word' id='word_1_53' title='bbox 417 1073 559 1144; x_wconf 88' lang='lat' dir='ltr'>tantus,</span> <span class='ocrx_word' id='word_1_54' title='bbox 589 1069 689 1129; x_wconf 89' lang='lat' dir='ltr'>tanta</span> <span class='ocrx_word' id='word_1_55' title='bbox 717 1058 925 1150; x_wconf 86' lang='lat' dir='ltr'>opulentia,</span> <span class='ocrx_word' id='word_1_56' title='bbox 956 1070 998 1130; x_wconf 92' lang='lat' dir='ltr'>ut</span> <span class='ocrx_word' id='word_1_57' title='bbox 1019 1057 1203 1131; x_wconf 66' lang='lat' dir='ltr'>Sandiori</span> <span class='ocrx_word' id='word_1_58' title='bbox 1222 1060 1289 1144; x_wconf 77' lang='lat' dir='ltr'>inu</span> 
     </span>
     <span class='ocr_line' id='line_1_10' title="bbox 293 1147 1289 1247; baseline -0.003 -15"><span class='ocrx_word' id='word_1_59' title='bbox 293 1161 396 1244; x_wconf 91' lang='lat' dir='ltr'>dice,</span> <span class='ocrx_word' id='word_1_60' title='bbox 433 1153 583 1228; x_wconf 86' lang='lat' dir='ltr'>coelestis</span> <span class='ocrx_word' id='word_1_61' title='bbox 613 1153 685 1246; x_wconf 90' lang='lat' dir='ltr'>ipsa</span> <span class='ocrx_word' id='word_1_62' title='bbox 711 1147 982 1247; x_wconf 77' lang='lat' dir='ltr'>Sapientiae),</span> <span class='ocrx_word' id='word_1_63' title='bbox 1016 1178 1063 1227; x_wconf 92' lang='lat' dir='ltr'>ne</span> <span class='ocrx_word' id='word_1_64' title='bbox 1096 1156 1289 1230; x_wconf 78' lang='lat' dir='ltr'>Salomoreai</span> 
     </span>
     <span class='ocr_line' id='line_1_11' title="bbox 294 1250 1289 1351; baseline -0.004 -23"><span class='ocrx_word' id='word_1_65' title='bbox 294 1257 438 1351; x_wconf 90' lang='lat' dir='ltr'>quidem</span> <span class='ocrx_word' id='word_1_66' title='bbox 476 1250 852 1346; x_wconf 84' lang='lat' dir='ltr'>magnificentiffimam</span> <span class='ocrx_word' id='word_1_67' title='bbox 888 1253 921 1324; x_wconf 81' lang='lat' dir='ltr'>dt</span> <span class='ocrx_word' id='word_1_68' title='bbox 956 1253 1119 1326; x_wconf 78' lang='lat' dir='ltr'>immensi</span> <span class='ocrx_word' id='word_1_69' title='bbox 1163 1269 1289 1348; x_wconf 79' lang='lat' dir='ltr'>apparatu</span> 
     </span>
     <span class='ocr_line' id='line_1_12' title="bbox 293 1349 1289 1449; baseline -0.009 -20"><span class='ocrx_word' id='word_1_70' title='bbox 293 1353 388 1449; x_wconf 91' lang='lat' dir='ltr'>apud</span> <span class='ocrx_word' id='word_1_71' title='bbox 413 1353 528 1424; x_wconf 85' lang='lat' dir='ltr'>aulam</span> <span class='ocrx_word' id='word_1_72' title='bbox 544 1349 685 1445; x_wconf 85' lang='lat' dir='ltr'>dignius</span> <span class='ocrx_word' id='word_1_73' title='bbox 710 1349 913 1443; x_wconf 81' lang='lat' dir='ltr'>quidpiam,</span> <span class='ocrx_word' id='word_1_74' title='bbox 938 1349 1193 1439; x_wconf 79' lang='lat' dir='ltr'>artificiofius,</span> <span class='ocrx_word' id='word_1_75' title='bbox 1214 1351 1289 1446; x_wconf 75' lang='lat' dir='ltr'>glarie</span> 
     </span>
     <span class='ocr_line' id='line_1_13' title="bbox 292 1446 1290 1540; baseline -0.012 -13"><span class='ocrx_word' id='word_1_76' title='bbox 292 1455 361 1527; x_wconf 82' lang='lat' dir='ltr'>sius</span> <span class='ocrx_word' id='word_1_77' title='bbox 389 1447 592 1536; x_wconf 89' lang='lat' dir='ltr'>invenerit,</span> <span class='ocrx_word' id='word_1_78' title='bbox 618 1461 728 1540; x_wconf 90' lang='lat' dir='ltr'>utque</span> <span class='ocrx_word' id='word_1_79' title='bbox 759 1446 826 1519; x_wconf 85' lang='lat' dir='ltr'>suae</span> <span class='ocrx_word' id='word_1_80' title='bbox 849 1447 1053 1520; x_wconf 86' lang='lat' dir='ltr'>divinitatis</span> <span class='ocrx_word' id='word_1_81' title='bbox 1081 1447 1250 1522; x_wconf 86' lang='lat' dir='ltr'>infinitum</span> <span class='ocrx_word' id='word_1_82' title='bbox 1267 1447 1290 1516; x_wconf 83' lang='lat' dir='ltr'>dr</span> 
     </span>
     <span class='ocr_line' id='line_1_14' title="bbox 293 1546 1290 1639; baseline -0.007 -16"><span class='ocrx_word' id='word_1_83' title='bbox 293 1573 380 1638; x_wconf 87' lang='lat' dir='ltr'>cus,</span> <span class='ocrx_word' id='word_1_84' title='bbox 411 1546 472 1618; x_wconf 89' lang='lat' dir='ltr'>ubi</span> <span class='ocrx_word' id='word_1_85' title='bbox 498 1567 544 1616; x_wconf 87' lang='lat' dir='ltr'>ex</span> <span class='ocrx_word' id='word_1_86' title='bbox 567 1558 669 1636; x_wconf 89' lang='lat' dir='ltr'>parte</span> <span class='ocrx_word' id='word_1_87' title='bbox 693 1546 811 1637; x_wconf 88' lang='lat' dir='ltr'>aliqua</span> <span class='ocrx_word' id='word_1_88' title='bbox 840 1546 1073 1639; x_wconf 86' lang='lat' dir='ltr'>cogitandum</span> <span class='ocrx_word' id='word_1_89' title='bbox 1100 1548 1210 1619; x_wconf 83' lang='lat' dir='ltr'>nobis</span> <span class='ocrx_word' id='word_1_90' title='bbox 1228 1546 1290 1618; x_wconf 81' lang='lat' dir='ltr'>dard</span> 
     </span>
     <span class='ocr_line' id='line_1_15' title="bbox 293 1643 1290 1738; baseline -0.007 -20"><span class='ocrx_word' id='word_1_91' title='bbox 293 1671 314 1718; x_wconf 90' lang='lat' dir='ltr'>e</span> <span class='ocrx_word' id='word_1_92' title='bbox 335 1646 485 1719; x_wconf 87' lang='lat' dir='ltr'>floribus</span> <span class='ocrx_word' id='word_1_93' title='bbox 514 1663 658 1734; x_wconf 86' lang='lat' dir='ltr'>quoque</span> <span class='ocrx_word' id='word_1_94' title='bbox 683 1643 876 1738; x_wconf 86' lang='lat' dir='ltr'>decerpere</span> <span class='ocrx_word' id='word_1_95' title='bbox 902 1665 1169 1738; x_wconf 86' lang='lat' dir='ltr'>nonuunquam</span> <span class='ocrx_word' id='word_1_96' title='bbox 1193 1645 1290 1718; x_wconf 82' lang='lat' dir='ltr'>finiliu</span> 
     </span>
     <span class='ocr_line' id='line_1_16' title="bbox 291 1733 655 1830; baseline -0.025 -12"><span class='ocrx_word' id='word_1_97' title='bbox 291 1744 396 1820; x_wconf 88' lang='lat' dir='ltr'>dines</span> <span class='ocrx_word' id='word_1_98' title='bbox 419 1740 580 1814; x_wconf 85' lang='lat' dir='ltr'>uoluerit</span> <span class='ocrx_word' id='word_1_99' title='bbox 603 1733 655 1830; x_wconf 79' lang='lat' dir='ltr'>h).</span> 
     </span>
    </p>
   </div>
   <div class='ocr_carea' id='block_1_3' title="bbox 752 1919 883 2014">
    <p class='ocr_par' dir='ltr' id='par_1_4' title="bbox 752 1919 883 2014">
     <span class='ocr_line' id='line_1_17' title="bbox 752 1919 883 2014; baseline 0 -21"><span class='ocrx_word' id='word_1_100' title='bbox 752 1926 785 2014; x_wconf 68' lang='lat' dir='ltr'>r.</span> <span class='ocrx_word' id='word_1_101' title='bbox 835 1919 883 1994; x_wconf 90' lang='lat' dir='ltr'>u.</span> 
     </span>
    </p>
   </div>
   <div class='ocr_carea' id='block_1_4' title="bbox 293 2056 1292 3617">
    <p class='ocr_par' dir='ltr' id='par_1_5' title="bbox 293 2056 1292 3030">
     <span class='ocr_line' id='line_1_18' title="bbox 389 2056 1291 2152; baseline -0.004 -23"><span class='ocrx_word' id='word_1_102' title='bbox 389 2056 556 2129; x_wconf 88' lang='lat' dir='ltr'>Ceterum</span> <span class='ocrx_word' id='word_1_103' title='bbox 581 2058 773 2147; x_wconf 86' lang='lat' dir='ltr'>mortales,</span> <span class='ocrx_word' id='word_1_104' title='bbox 800 2059 860 2150; x_wconf 85' lang='lat' dir='ltr'>qui</span> <span class='ocrx_word' id='word_1_105' title='bbox 885 2059 1025 2152; x_wconf 86' lang='lat' dir='ltr'>pulchri</span> <span class='ocrx_word' id='word_1_106' title='bbox 1044 2059 1081 2134; x_wconf 91' lang='lat' dir='ltr'>in</span> <span class='ocrx_word' id='word_1_107' title='bbox 1102 2080 1253 2135; x_wconf 86' lang='lat' dir='ltr'>amorem</span> <span class='ocrx_word' id='word_1_108' title='bbox 1270 2073 1291 2128; x_wconf 85' lang='lat' dir='ltr'>u</span> 
     </span>
     <span class='ocr_line' id='line_1_19' title="bbox 293 2151 1291 2253; baseline -0.003 -23"><span class='ocrx_word' id='word_1_109' title='bbox 293 2157 399 2230; x_wconf 89' lang='lat' dir='ltr'>turali</span> <span class='ocrx_word' id='word_1_110' title='bbox 424 2155 589 2228; x_wconf 86' lang='lat' dir='ltr'>feruntur</span> <span class='ocrx_word' id='word_1_111' title='bbox 613 2155 770 2246; x_wconf 89' lang='lat' dir='ltr'>impetu,</span> <span class='ocrx_word' id='word_1_112' title='bbox 796 2155 903 2228; x_wconf 86' lang='lat' dir='ltr'>facile</span> <span class='ocrx_word' id='word_1_113' title='bbox 925 2159 1049 2231; x_wconf 82' lang='lat' dir='ltr'>allexit</span> <span class='ocrx_word' id='word_1_114' title='bbox 1074 2151 1291 2253; x_wconf 83' lang='lat' dir='ltr'>ubique·0bd</span> 
     </span>
     <span class='ocr_line' id='line_1_20' title="bbox 294 2251 1291 2347; baseline -0.006 -21"><span class='ocrx_word' id='word_1_115' title='bbox 294 2257 459 2326; x_wconf 86' lang='lat' dir='ltr'>colorum</span> <span class='ocrx_word' id='word_1_116' title='bbox 479 2252 592 2347; x_wconf 85' lang='lat' dir='ltr'>gratia</span> <span class='ocrx_word' id='word_1_117' title='bbox 614 2252 675 2324; x_wconf 82' lang='lat' dir='ltr'>illa</span> <span class='ocrx_word' id='word_1_118' title='bbox 695 2251 825 2324; x_wconf 88' lang='lat' dir='ltr'>creatis</span> <span class='ocrx_word' id='word_1_119' title='bbox 843 2255 949 2327; x_wconf 88' lang='lat' dir='ltr'>rebus</span> <span class='ocrx_word' id='word_1_120' title='bbox 969 2256 1091 2347; x_wconf 75' lang='lat' dir='ltr'>inrita,</span> <span class='ocrx_word' id='word_1_121' title='bbox 1122 2273 1164 2330; x_wconf 90' lang='lat' dir='ltr'>ut</span> <span class='ocrx_word' id='word_1_122' title='bbox 1184 2267 1291 2328; x_wconf 80' lang='lat' dir='ltr'>naturai</span> 
     </span>
     <span class='ocr_line' id='line_1_21' title="bbox 293 2349 1292 2449; baseline -0.003 -25"><span class='ocrx_word' id='word_1_123' title='bbox 293 2365 370 2424; x_wconf 84' lang='lat' dir='ltr'>arte</span> <span class='ocrx_word' id='word_1_124' title='bbox 399 2350 669 2438; x_wconf 82' lang='lat' dir='ltr'>aemularentur,</span> <span class='ocrx_word' id='word_1_125' title='bbox 700 2349 954 2444; x_wconf 88' lang='lat' dir='ltr'>vestibusque,</span> <span class='ocrx_word' id='word_1_126' title='bbox 981 2353 1111 2446; x_wconf 89' lang='lat' dir='ltr'>quibus</span> <span class='ocrx_word' id='word_1_127' title='bbox 1141 2375 1207 2449; x_wconf 90' lang='lat' dir='ltr'>pro</span> <span class='ocrx_word' id='word_1_128' title='bbox 1235 2353 1292 2422; x_wconf 81' lang='lat' dir='ltr'>inu</span> 
     </span>
     <span class='ocr_line' id='line_1_22' title="bbox 293 2449 1292 2544; baseline -0.005 -22"><span class='ocrx_word' id='word_1_129' title='bbox 293 2451 403 2522; x_wconf 84' lang='lat' dir='ltr'>lucris</span> <span class='ocrx_word' id='word_1_130' title='bbox 432 2462 601 2536; x_wconf 88' lang='lat' dir='ltr'>utuntur,</span> <span class='ocrx_word' id='word_1_131' title='bbox 631 2449 796 2519; x_wconf 87' lang='lat' dir='ltr'>colorum</span> <span class='ocrx_word' id='word_1_132' title='bbox 824 2449 959 2540; x_wconf 88' lang='lat' dir='ltr'>species</span> <span class='ocrx_word' id='word_1_133' title='bbox 985 2473 1215 2544; x_wconf 85' lang='lat' dir='ltr'>quascunque</span> <span class='ocrx_word' id='word_1_134' title='bbox 1235 2463 1292 2544; x_wconf 80' lang='lat' dir='ltr'>gen&lt;</span> 
     </span>
     <span class='ocr_line' id='line_1_23' title="bbox 293 2539 1292 2640; baseline -0.008 -19"><span class='ocrx_word' id='word_1_135' title='bbox 293 2549 447 2621; x_wconf 82' lang='lat' dir='ltr'>rofiores</span> <span class='ocrx_word' id='word_1_136' title='bbox 471 2543 702 2639; x_wconf 82' lang='lat' dir='ltr'>injungerent</span> <span class='ocrx_word' id='word_1_137' title='bbox 718 2539 767 2634; x_wconf 83' lang='lat' dir='ltr'>c).</span> <span class='ocrx_word' id='word_1_138' title='bbox 819 2546 987 2640; x_wconf 84' lang='lat' dir='ltr'>Namque</span> <span class='ocrx_word' id='word_1_139' title='bbox 1008 2548 1206 2623; x_wconf 89' lang='lat' dir='ltr'>innocuum</span> <span class='ocrx_word' id='word_1_140' title='bbox 1227 2541 1292 2640; x_wconf 81' lang='lat' dir='ltr'>peri</span> 
     </span>
     <span class='ocr_line' id='line_1_24' title="bbox 293 2640 1292 2738; baseline -0.009 -20"><span class='ocrx_word' id='word_1_141' title='bbox 293 2647 365 2718; x_wconf 90' lang='lat' dir='ltr'>erit</span> <span class='ocrx_word' id='word_1_142' title='bbox 388 2645 562 2724; x_wconf 88' lang='lat' dir='ltr'>studium,</span> <span class='ocrx_word' id='word_1_143' title='bbox 593 2665 666 2733; x_wconf 89' lang='lat' dir='ltr'>quo</span> <span class='ocrx_word' id='word_1_144' title='bbox 695 2643 842 2738; x_wconf 70' lang='lat' dir='ltr'>amicius</span> <span class='ocrx_word' id='word_1_145' title='bbox 859 2668 1004 2738; x_wconf 89' lang='lat' dir='ltr'>quoque</span> <span class='ocrx_word' id='word_1_146' title='bbox 1024 2646 1221 2722; x_wconf 86' lang='lat' dir='ltr'>liberaliori</span> <span class='ocrx_word' id='word_1_147' title='bbox 1239 2640 1292 2714; x_wconf 87' lang='lat' dir='ltr'>cult</span> 
     </span>
     <span class='ocr_line' id='line_1_25' title="bbox 294 2739 1292 2836; baseline -0.006 -22"><span class='ocrx_word' id='word_1_148' title='bbox 294 2741 453 2834; x_wconf 83' lang='lat' dir='ltr'>dignosci</span> <span class='ocrx_word' id='word_1_149' title='bbox 474 2741 590 2811; x_wconf 88' lang='lat' dir='ltr'>velint</span> <span class='ocrx_word' id='word_1_150' title='bbox 607 2740 780 2813; x_wconf 75' lang='lat' dir='ltr'>ereuiora</span> <span class='ocrx_word' id='word_1_151' title='bbox 798 2743 961 2836; x_wconf 60' lang='lat' dir='ltr'>ingenim</span> <span class='ocrx_word' id='word_1_152' title='bbox 985 2766 1053 2816; x_wconf 92' lang='lat' dir='ltr'>nec</span> <span class='ocrx_word' id='word_1_153' title='bbox 1065 2745 1148 2816; x_wconf 87' lang='lat' dir='ltr'>vitii</span> <span class='ocrx_word' id='word_1_154' title='bbox 1164 2739 1292 2836; x_wconf 85' lang='lat' dir='ltr'>quidpirr</span> 
     </span>
     <span class='ocr_line' id='line_1_26' title="bbox 294 2837 1292 2927; baseline 0.003 -17"><span class='ocrx_word' id='word_1_155' title='bbox 294 2839 436 2924; x_wconf 85' lang='lat' dir='ltr'>trahet,</span> <span class='ocrx_word' id='word_1_156' title='bbox 462 2837 580 2927; x_wconf 86' lang='lat' dir='ltr'>quoad</span> <span class='ocrx_word' id='word_1_157' title='bbox 600 2839 888 2926; x_wconf 77' lang='lat' dir='ltr'>meminerimus,</span> <span class='ocrx_word' id='word_1_158' title='bbox 916 2841 1009 2914; x_wconf 90' lang='lat' dir='ltr'>haud</span> <span class='ocrx_word' id='word_1_159' title='bbox 1028 2842 1197 2916; x_wconf 89' lang='lat' dir='ltr'>caducam</span> <span class='ocrx_word' id='word_1_160' title='bbox 1222 2837 1292 2912; x_wconf 69' lang='lat' dir='ltr'>minu</span> 
     </span>
     <span class='ocr_line' id='line_1_27' title="bbox 293 2933 1292 3030; baseline -0.003 -21"><span class='ocrx_word' id='word_1_161' title='bbox 293 2933 394 3009; x_wconf 88' lang='lat' dir='ltr'>istam</span> <span class='ocrx_word' id='word_1_162' title='bbox 429 2933 497 3006; x_wconf 85' lang='lat' dir='ltr'>effe</span> <span class='ocrx_word' id='word_1_163' title='bbox 533 2933 746 3028; x_wconf 86' lang='lat' dir='ltr'>gloriolam,</span> <span class='ocrx_word' id='word_1_164' title='bbox 781 2959 885 3030; x_wconf 88' lang='lat' dir='ltr'>quam</span> <span class='ocrx_word' id='word_1_165' title='bbox 911 2937 962 3012; x_wconf 87' lang='lat' dir='ltr'>est</span> <span class='ocrx_word' id='word_1_166' title='bbox 987 2940 1120 3012; x_wconf 86' lang='lat' dir='ltr'>umbrae</span> <span class='ocrx_word' id='word_1_167' title='bbox 1151 2933 1292 3013; x_wconf 81' lang='lat' dir='ltr'>levitasd</span> 
     </span>
    </p>

    <p class='ocr_par' dir='ltr' id='par_1_6' title="bbox 1211 3047 1292 3109">
     <span class='ocr_line' id='line_1_28' title="bbox 1211 3047 1292 3109; baseline -0.037 -1"><span class='ocrx_word' id='word_1_168' title='bbox 1211 3047 1292 3109; x_wconf 69' lang='lat' dir='ltr'>rendi</span> 
     </span>
    </p>

    <p class='ocr_par' dir='ltr' id='par_1_7' title="bbox 294 3219 1292 3617">
     <span class='ocr_line' id='line_1_29' title="bbox 333 3219 1292 3334; baseline 0 -26"><span class='ocrx_word' id='word_1_169' title='bbox 333 3243 374 3325; x_wconf 83' lang='lat' dir='ltr'>a)</span> <span class='ocrx_word' id='word_1_170' title='bbox 391 3239 513 3308; x_wconf 60' lang='lat' dir='ltr'>March.</span> <span class='ocrx_word' id='word_1_171' title='bbox 527 3243 560 3312; x_wconf 80' lang='lat'>6.</span> <span class='ocrx_word' id='word_1_172' title='bbox 579 3253 631 3312; x_wconf 72' lang='lat'>⁹9·</span> <span class='ocrx_word' id='word_1_173' title='bbox 667 3233 763 3327; x_wconf 66' lang='grc' dir='ltr'>Λέγω</span> <span class='ocrx_word' id='word_1_174' title='bbox 784 3233 827 3308; x_wconf 60' lang='lat' dir='ltr'>da*</span> <span class='ocrx_word' id='word_1_175' title='bbox 847 3219 940 3332; x_wconf 66' lang='lat' dir='ltr'>ripri&#39;v,</span> <span class='ocrx_word' id='word_1_176' title='bbox 966 3236 1019 3311; x_wconf 75' lang='grc' dir='ltr'>ὅτι</span> <span class='ocrx_word' id='word_1_177' title='bbox 1042 3231 1107 3310; x_wconf 65' lang='lat' dir='ltr'>a&#39;da*</span> <span class='ocrx_word' id='word_1_178' title='bbox 1125 3219 1292 3334; x_wconf 71' lang='grc' dir='ltr'>ΣολομῦΗΙ</span> 
     </span>
     <span class='ocr_line' id='line_1_30' title="bbox 294 3319 1292 3442; baseline -0.004 -36"><span class='ocrx_word' id='word_1_179' title='bbox 294 3331 387 3436; x_wconf 65' lang='grc' dir='ltr'>πέσῃ</span> <span class='ocrx_word' id='word_1_180' title='bbox 412 3335 458 3436; x_wconf 69' lang='grc' dir='ltr'>τῇ</span> <span class='ocrx_word' id='word_1_181' title='bbox 476 3327 553 3434; x_wconf 63' lang='grc' dir='ltr'>δέξῃ</span> <span class='ocrx_word' id='word_1_182' title='bbox 572 3327 661 3405; x_wconf 68' lang='lat' dir='ltr'>adra?</span> <span class='ocrx_word' id='word_1_183' title='bbox 681 3332 903 3429; x_wconf 67' lang='grc' dir='ltr'>περιεβᾶλετο</span> <span class='ocrx_word' id='word_1_184' title='bbox 924 3332 966 3415; x_wconf 72' lang='lat' dir='ltr'>re&#39;e</span> <span class='ocrx_word' id='word_1_185' title='bbox 988 3333 1022 3410; x_wconf 64' lang='grc' dir='ltr'>ἓν</span> <span class='ocrx_word' id='word_1_186' title='bbox 1038 3334 1150 3409; x_wconf 65' lang='lat' dir='ltr'>virae</span> <span class='ocrx_word' id='word_1_187' title='bbox 1172 3319 1292 3442; x_wconf 68' lang='grc' dir='ltr'>(ιςίννν)</span> 
     </span>
     <span class='ocr_line' id='line_1_31' title="bbox 333 3443 1292 3597; baseline 0.002 -81"><span class='ocrx_word' id='word_1_188' title='bbox 333 3456 367 3535; x_wconf 89' lang='lat' dir='ltr'>b)</span> <span class='ocrx_word' id='word_1_189' title='bbox 393 3453 477 3517; x_wconf 70' lang='lat' dir='ltr'>Cant.</span> <span class='ocrx_word' id='word_1_190' title='bbox 498 3461 576 3518; x_wconf 77' lang='lat' dir='ltr'>cant.</span> <span class='ocrx_word' id='word_1_191' title='bbox 597 3472 671 3519; x_wconf 74' lang='lat' dir='ltr'>na:</span> <span class='ocrx_word' id='word_1_192' title='bbox 696 3473 723 3526; x_wconf 89' lang='lat' dir='ltr'>r,</span> <span class='ocrx_word' id='word_1_193' title='bbox 745 3477 775 3527; x_wconf 80' lang='lat' dir='ltr'>a,</span> <span class='ocrx_word' id='word_1_194' title='bbox 798 3475 829 3535; x_wconf 83' lang='lat'>5,</span> <span class='ocrx_word' id='word_1_195' title='bbox 852 3471 901 3526; x_wconf 78' lang='lat' dir='ltr'>ra,</span> <span class='ocrx_word' id='word_1_196' title='bbox 924 3474 973 3533; x_wconf 77' lang='lat'>13,</span> <span class='ocrx_word' id='word_1_197' title='bbox 998 3460 1042 3520; x_wconf 82' lang='lat'>¹6.</span> <span class='ocrx_word' id='word_1_198' title='bbox 1065 3454 1125 3522; x_wconf 71' lang='lat' dir='ltr'>Ue.</span> <span class='ocrx_word' id='word_1_199' title='bbox 1151 3471 1248 3597; x_wconf 47' lang='grc' dir='ltr'>μὲι.</span> <span class='ocrx_word' id='word_1_200' title='bbox 1261 3443 1292 3544; x_wconf 38' lang='grc'>,31</span> 
     </span>
     <span class='ocr_line' id='line_1_32' title="bbox 300 3532 1290 3617; baseline -0.004 -19"><span class='ocrx_word' id='word_1_201' title='bbox 300 3535 378 3598; x_wconf 82' lang='lat' dir='ltr'>Vide</span> <span class='ocrx_word' id='word_1_202' title='bbox 390 3534 422 3596; x_wconf 64' lang='grc' dir='ltr'><em>ὃ</em></span> <span class='ocrx_word' id='word_1_203' title='bbox 440 3532 511 3599; x_wconf 83' lang='lat' dir='ltr'>Gen.</span> <span class='ocrx_word' id='word_1_204' title='bbox 523 3553 572 3614; x_wconf 89' lang='lat'>30.</span> <span class='ocrx_word' id='word_1_205' title='bbox 595 3542 704 3614; x_wconf 76' lang='lat' dir='ltr'>quanto</span> <span class='ocrx_word' id='word_1_206' title='bbox 727 3555 823 3596; x_wconf 76' lang='lat' dir='ltr'>aurore</span> <span class='ocrx_word' id='word_1_207' title='bbox 835 3532 949 3598; x_wconf 73' lang='lat' dir='ltr'>Rachel</span> <span class='ocrx_word' id='word_1_208' title='bbox 961 3533 1168 3617; x_wconf 60' lang='lat' dir='ltr'>prosecaeaest</span> <span class='ocrx_word' id='word_1_209' title='bbox 1210 3533 1290 3596; x_wconf 70' lang='lat' dir='ltr'>rm</span> 
     </span>
    </p>
   </div>
   <div class='ocr_carea' id='block_1_5' title="bbox 292 3613 1292 3798">
    <p class='ocr_par' dir='ltr' id='par_1_8' title="bbox 292 3613 1292 3798">
     <span class='ocr_line' id='line_1_33' title="bbox 332 3613 1292 3724; baseline -0.005 -25"><span class='ocrx_word' id='word_1_210' title='bbox 332 3637 364 3712; x_wconf 89' lang='lat' dir='ltr'>c)</span> <span class='ocrx_word' id='word_1_211' title='bbox 388 3625 540 3724; x_wconf 69' lang='lat' dir='ltr'>Qiu&#39;dqrid</span> <span class='ocrx_word' id='word_1_212' title='bbox 556 3635 722 3696; x_wconf 69' lang='lat' dir='ltr'>audemus</span> <span class='ocrx_word' id='word_1_213' title='bbox 735 3635 769 3697; x_wconf 68' lang='grc' dir='ltr'>ὅ</span> <span class='ocrx_word' id='word_1_214' title='bbox 780 3638 873 3698; x_wconf 83' lang='lat' dir='ltr'>crocei</span> <span class='ocrx_word' id='word_1_215' title='bbox 879 3633 971 3714; x_wconf 82' lang='lat' dir='ltr'>stores</span> <span class='ocrx_word' id='word_1_216' title='bbox 990 3613 1068 3698; x_wconf 62' lang='lat' dir='ltr'>ieris</span> <span class='ocrx_word' id='word_1_217' title='bbox 1083 3636 1220 3721; x_wconf 66' lang='lat' dir='ltr'>aspirari,</span> <span class='ocrx_word' id='word_1_218' title='bbox 1235 3631 1292 3694; x_wconf 74' lang='lat' dir='ltr'>inin</span> 
     </span>
     <span class='ocr_line' id='line_1_34' title="bbox 292 3715 1055 3798; baseline -0.014 -17"><span class='ocrx_word' id='word_1_219' title='bbox 292 3727 342 3781; x_wconf 75' lang='lat' dir='ltr'>tur</span> <span class='ocrx_word' id='word_1_220' title='bbox 361 3715 480 3778; x_wconf 79' lang='lat' dir='ltr'>colores.</span> <span class='ocrx_word' id='word_1_221' title='bbox 509 3715 627 3780; x_wconf 80' lang='lat' dir='ltr'>Lithov.</span> <span class='ocrx_word' id='word_1_222' title='bbox 649 3717 745 3776; x_wconf 73' lang='lat' dir='ltr'>Po&#39;enr.</span> <span class='ocrx_word' id='word_1_223' title='bbox 761 3733 794 3798; x_wconf 80' lang='lat' dir='ltr'>p.</span> <span class='ocrx_word' id='word_1_224' title='bbox 810 3735 834 3782; x_wconf 81' lang='lat' dir='ltr'>r,</span> <span class='ocrx_word' id='word_1_225' title='bbox 849 3727 1055 3798; x_wconf 75' lang='lat' dir='ltr'>pag.m.316.</span> 
     </span>
    </p>
   </div>
   <div class='ocr_carea' id='block_1_6' title="bbox 331 3810 1292 3981">
    <p class='ocr_par' dir='ltr' id='par_1_9' title="bbox 331 3810 1292 3981">
     <span class='ocr_line' id='line_1_35' title="bbox 331 3810 1167 3897; baseline -0.001 -18"><span class='ocrx_word' id='word_1_226' title='bbox 331 3815 367 3892; x_wconf 66' lang='grc' dir='ltr'>Δ)</span> <span class='ocrx_word' id='word_1_227' title='bbox 393 3810 481 3897; x_wconf 82' lang='lat' dir='ltr'>Vrrg.</span> <span class='ocrx_word' id='word_1_228' title='bbox 503 3810 609 3877; x_wconf 67' lang='lat' dir='ltr'>acea.</span> <span class='ocrx_word' id='word_1_229' title='bbox 637 3847 651 3862; x_wconf 90' lang='lat'><em>-</em></span> <span class='ocrx_word' id='word_1_230' title='bbox 675 3846 689 3861; x_wconf 92' lang='lat'><strong>·</strong></span> <span class='ocrx_word' id='word_1_231' title='bbox 719 3846 733 3860; x_wconf 91' lang='lat'><em>-</em></span> <span class='ocrx_word' id='word_1_232' title='bbox 762 3815 878 3876; x_wconf 76' lang='lat' dir='ltr'>nimiam</span> <span class='ocrx_word' id='word_1_233' title='bbox 901 3833 938 3876; x_wconf 82' lang='lat' dir='ltr'>ne</span> <span class='ocrx_word' id='word_1_234' title='bbox 961 3815 1045 3876; x_wconf 74' lang='lat' dir='ltr'>crede</span> <span class='ocrx_word' id='word_1_235' title='bbox 1066 3816 1167 3892; x_wconf 74' lang='lat' dir='ltr'>colori,</span> 
     </span>
     <span class='ocr_line' id='line_1_36' title="bbox 538 3889 1292 3981; baseline 0.003 -27"><span class='ocrx_word' id='word_1_236' title='bbox 538 3889 611 3956; x_wconf 70' lang='lat' dir='ltr'>alba</span> <span class='ocrx_word' id='word_1_237' title='bbox 631 3890 754 3975; x_wconf 73' lang='lat' dir='ltr'>ligustra</span> <span class='ocrx_word' id='word_1_238' title='bbox 775 3896 901 3971; x_wconf 77' lang='lat' dir='ltr'>radunt,</span> <span class='ocrx_word' id='word_1_239' title='bbox 926 3897 1063 3960; x_wconf 75' lang='lat' dir='ltr'>vaccinia</span> <span class='ocrx_word' id='word_1_240' title='bbox 1084 3900 1171 3981; x_wconf 76' lang='lat' dir='ltr'>nigra</span> <span class='ocrx_word' id='word_1_241' title='bbox 1190 3895 1292 3980; x_wconf 74' lang='lat' dir='ltr'>teg-w</span> 
     </span>
    </p>
   </div>
   <div class='ocr_carea' id='block_1_7' title="bbox 0 0 1321 4804">
    <p class='ocr_par' dir='ltr' id='par_1_10' title="bbox 0 0 1321 4804">
     <span class='ocr_line' id='line_1_37' title="bbox 0 0 1321 4804; baseline 0 0"><span class='ocrx_word' id='word_1_242' title='bbox 0 0 1321 4804; x_wconf 95' lang='lat' dir='ltr'> </span> 
     </span>
    </p>
   </div>
  </div>
 </body>
</html>
