2714 4768
244 299 290 376 14
555 249 721 356 monor
753 261 983 353 ctassrcr.

239 457 348 553 strat,
377 459 439 533 ubi
461 453 541 533 'alvi
563 459 741 554 ejusmodi
763 457 946 554 profluvia
973 457 1096 530 locum
1127 453 1302 530 obtinue·

240 571 347 649 runt,
380 557 587 654 contagium
606 562 650 633 ab
667 561 782 632 altero
804 558 841 630 in
864 557 1014 629 alterum
1030 554 1205 628 facillimo
1229 554 1301 627 ser-

238 675 326 755 pere
344 656 510 752 negotio.
562 657 720 730 Morbus
737 656 867 752 igitur,
890 675 996 746 quem
1015 653 1191 744 diximus,
1216 673 1297 726 non

238 756 368 835 foetido
402 754 512 828 solum
541 755 585 828 ad
610 756 735 849 littora
759 753 792 825 &
816 752 854 825 in
878 752 1034 825 navibus
1064 751 1203 840 odore,
1226 747 1296 822 'sed

240 852 414 948 'contagio
445 852 554 928 etiam
585 852 825 948 propagatur,
867 870 936 944 qua
966 863 1117 943 propter
1147 847 1185 924 in
1214 867 1296 921 earn

238 950 417 1051 proclivis
450 949 523 1024 sum
553 951 789 1046 opinionem,
823 961 949 1022 nautas
978 948 1083 1037 illos,
1120 946 1203 1038 qui,
1235 965 1298 1018 me

141 1057 145 1069 “
238 1050 459 1144 accedente,
488 1071 533 1121 ex
552 1047 765 1141 dysenteriis
786 1045 1020 1118 &diarrhoeis
1046 1043 1215 1138 prostrati
1244 1045 1298 1134 J'a·

238 1150 391 1238 cebant,
415 1144 477 1218 sub
498 1147 654 1242 plurium
672 1144 827 1218 statione
847 1142 1134 1233 hebdomadum,
1155 1139 1298 1237 triplici

237 1253 286 1325 'ex
306 1246 379 1320 hoc
402 1244 507 1319 fonte
524 1243 627 1317 vims
652 1241 751 1316 suum
768 1240 924 1316 hausrlle.

334 1375 427 1452 Cum
458 1376 569 1474 igitur
600 1381 638 1455 in
671 1379 769 1451 hunc
804 1377 970 1450 morbum
1001 1375 1143 1470 quidam
1173 1376 1296 1452 incur·

236 1487 344 1566 runt,
370 1475 405 1550 bc
433 1475 669 1552 nihilominus
685 1472 861 1551 xclaustris
888 1476 1055 1548 locorum
1075 1495 1203 1569 magna
1227 1477 1296 1550 ho·

237 1576 377 1650 minum
403 1574 461 1647 vis
489 1574 720 1666 continetur,
756 1594 833 1650 non
862 1571 984 1667 potest
1010 1595 1086 1647 non
1117 1580 1178 1646 aer
1208 1574 1295 1649 inde

238 1671 392 1747 iniectus
407 1669 509 1764 fieri,
542 1694 614 1764 quo
636 1669 701 1764 fit,
726 1685 768 1746 ut
783 1669 857 1745 sani
879 1693 961 1744 cum
981 1670 1125 1766 aegrotis
1149 1669 1293 1762 sociati,

236 1791 314 1844 uno
341 1770 422 1864 plus
446 1770 558 1843 modo
583 1769 793 1844 afficiantur.
844 1768 924 1842 Hac
950 1768 1093 1841 ratione
1119 1767 1156 1840 id
1178 1769 1293 1844 confi·

234 1867 325 1945 lium
342 1865 447 1957 dedi,
472 1880 514 1940 ut
536 1866 734 1962 graviffime
753 1879 991 1962 aegrotantes,
1016 1865 1054 1939 in
1073 1865 1295 1959 peculiarem

234 1985 390 2055 navem,
416 1963 489 2038 illis
512 1963 689 2059 dicatam,
721 1964 884 2039 translati
908 1987 928 2036 a
948 1977 1152 2036 ceterorum
1180 1962 1294 2037 socie·

236 2074 314 2136 tate
339 2060 651 2160 distinguerentur.
691 2065 791 2167 Quo
817 2060 895 2156 ipso
924 2061 996 2157 hoc
1024 2060 1123 2134 srmul
1149 2059 1298 2135 obtine-

234 2162 363 2251 batur,
393 2171 436 2232 ut
461 2159 652 2256 angustiae,
685 2183 771 2257 quas
797 2157 859 2235 sub
881 2158 1035 2256 parada,
1067 2157 1299 2234 infirmorum

234 2256 319 2340 leoli
342 2255 568 2350 efficiebant,
593 2259 865 2352 minuerentur,
888 2269 931 2335 ut
943 2256 1087 2334 facilior
1107 2255 1214 2332 fieret
1232 2256 1300 2334 de·

235 2354 486 2434 cumbentium
507 2377 604 2432 cura.
1292 2398 1296 2406 ·

703 2555 737 2646 §-
784 2550 829 2627 x.

238 2719 243 2729 ·
330 2688 431 2764 Bina
450 2681 810 2785 ceteroquin'caullae
832 2684 911 2762 sunt
926 2690 1110 2784 generales
1128 2690 1298 2770 omnium

235 2787 315 2882 ejus
338 2786 480 2884 generis
501 2784 777 2880 expeditionum
802 2785 987 2859 indivulse
1012 2789 1186 2881 comites,
1213 2813 1298 2885 quae

233 2886 430 2960 militarem
461 2881 730 2960 multitudinem
760 2882 841 2957 diro
868 2884 1073 2978 hujusmodi
1100 2886 1200 2979 fato,
1229 2903 1298 2964 aut

234 2996 439 3078 preparant
460 2994 524 3056 aut
548 2979 656 3056 etiam
680 2982 892 3073 devovent,
919 2981 1091 3076 Noffalgr'a
1117 2984 1298 3060 videlicet

234 3089 442 3178 impurusque
470 3085 539 3157 alr.
590 3097 823 3154 uosrntora
840 3077 928 3153 licet
946 3081 1059 3174 vulgo
1076 3103 1151 3155 non
1175 3095 1297 3158 atten-

235 3179 361 3271 datur,
384 3177 467 3254 heic
497 3189 617 3250 tamen
645 3177 863 3273 praecipuam
889 3178 992 3250 velut
1018 3177 1134 3252 sedem
1157 3181 1297 3255 habere

233 3275 393 3351 videtur.
458 3274 583 3348 Nauta
607 3276 705 3350 enim
727 3297 747 3348 a
775 3274 943 3348 domo&
967 3278 1124 3372 conjuge
1146 3277 1180 3350 ἃ
1202 3278 1296 3350 libe-

234 3374 307 3466 ris,
333 3373 722 3468 areliquisomnibus,
752 3393 830 3466 qua
843 3394 925 3446 cara
941 3374 1144 3467 censentur,
1169 3375 1298 3450 distra-

235 3469 306 3560 or,
333 3473 371 3544 in
390 3471 492 3545 elatis
509 3486 683 3565 praterea
700 3471 794 3544 locis
814 3471 994 3564 aridisque
1012 3472 1088 3544 nati
1108 3472 1143 3544 dr
1158 3473 1297 3566 educti,

234 3569 300 3642 ubi
331 3589 424 3663 puro
457 3569 647 3661 liberoque
681 3567 783 3644 fruiti
808 3566 889 3642 sunt
913 3575 1017 3661 aere,
1054 3583 1192 3644 mutata
1218 3574 1299 3666 jam

235 3663 361 3758 scena,
391 3666 428 3739 in
454 3664 749 3760 depreffioribus,
780 3668 888 3740 maris
909 3667 1004 3741 inter
1028 3689 1208 3762 vapores,
1234 3671 1296 3742 vi·

236 3785 324 3838 vere
362 3777 566 3860 coguntur3
610 3761 750 3854 Iidem,
792 3777 978 3860 apparatu·
1003 3767 1132 3858 tenui,
1173 3769 1297 3841 multo
1349 3813 1352 3822 ,

236 3876 357 3938 autem
374 3861 541 3957 corporis
559 3863 737 3936 exercitio
753 3860 823 3954 usr,
848 3865 984 3958 largum
999 3865 1073 3958 jam
1086 3863 1186 3938 statis
1201 3878 1299 3939 tem-

234 3962 389 4058 poribus
409 3959 595 4036 vinum&
610 3961 769 4056 quietem
791 3959 1074 4056 nanciscuntur,
1096 3964 1299 4058 opinione·

555 4086 561 4097 ·
1222 4082 1299 4154 que
