2714 4768
266 317 322 384 ,0
535 270 706 358 essars
736 275 1066 356 ursnususrs.

160 485 163 491 '
273 468 471 566 benignum
497 463 602 539 iimul
631 471 821 556 precatus,
851 472 895 534 ut
919 461 1030 536 liceat
1055 464 1332 560 pretermittere

273 593 339 659 ea,
371 587 449 658 quae
479 562 541 638 alii
568 560 614 634 de
643 571 689 648 εἰ)
718 556 967 650 tradiderunt,
1007 574 1163 656 cogente
1198 563 1331 654 partim

273 664 449 759 temporis
478 657 658 756 angustia,
690 655 823 750 partim
850 668 892 729 ut
915 678 980 751 per
1007 656 1191 752 propriam
1223 680 1328 752 expe-

267 761 440 838 rientiam
466 781 523 831 res
547 754 680 830 clarior
706 753 858 840 evadat;
884 768 1080 848 propterea
1107 755 1204 828 enirn
1231 755 1324 849 quod

271 860 335 947 alii
356 857 521 932 austeres
548 853 701 926 ducibus
718 852 824 924 caecis
849 852 899 925 usr
918 851 1007 947 srnt,
1032 853 1131 926 viam
1151 851 1324 949 saepiffimc

269 957 417 1040 arduam
443 951 655 1048 &asperam
674 950 870 1022 calcarunt.
1092 977 1094 980 ·
1341 955 1343 960 '

597 1126 601 1138 '
648 1125 949 1202 NOMEN.

366 1253 457 1331 Haec
483 1247 596 1324 febris
620 1266 640 1318 a
665 1244 804 1319 Graecis
828 1267 1102 1321 naurenraun
1122 1244 1145 1319 s.
1165 1247 1324 1322 Hemina·-

270 1371 375 1443 teus,
400 1374 421 1425 a
442 1345 619 1422 Romanis
641 1363 734 1416 vero
762 1346 986 1418 semitertianae
1007 1357 1218 1438 nuncupata
1243 1344 1322 1437 fuit,

272 1473 350 1546 quae
381 1447 532 1524 nomina
564 1444 602 1516 in
634 1441 735 1514 libris
761 1442 985 1515 medicorum
1014 1441 1106 1515 adeo
1137 1441 1324 1516 familiaria

265 1547 374 1640 funt,
398 1559 504 1620 utne
525 1541 705 1630 tironem,
732 1537 793 1630 qui
813 1539 1230 1614 rudimentanedicinae
1249 1555 1322 1624 tane

270 1659 350 1721 turn
371 1644 512 1730 didicit,
536 1641 690 1712 lateant:
717 1635 911 1709 Neoterici
931 1636 1038 1710 etiam
1057 1659 1140 1711 eum
1153 1637 1192 1712 in
1209 1637 1322 1711 omni-

272 1745 341 1817 bus
362 1741 430 1815 suis
451 1735 698 1832 systematibus
718 1733 976 1826 nominarunt,
1005 1736 1116 1828 inque
1136 1757 1321 1810 numemru

271 1839 426 1915 febrium
458 1835 693 1930 malignarum
722 1831 947 1923 retulerunt,
986 1854 1163 1907 necnon
1196 1834 1323 1907 multas

265 1950 445 2033 praetcrea
473 1931 616 2021 febres,
643 1951 721 2021 quae
740 1929 848 2001 certis
867 1930 970 2004 annis
989 1930 1026 2004 in
1044 1931 1154 2004 variis
1175 1929 1322 2026 provin·

272 2035 362 2126 ciis,
399 2053 481 2105 cum
510 2027 680 2102 nonnihil
710 2024 993 2120 discrepantibus
1025 2026 1320 2124 symptomatibus

271 2132 460 2219 oriuntur,
486 2123 767 2219 descripserunt,
796 2137 969 2222 attamen
988 2124 1082 2200 hanc
1104 2126 1255 2201 candem
1272 2123 1319 2199 se·

268 2229 364 2305 brim
387 2224 539 2304 innuisse
565 2222 749 2298 videntur.

660 2377 936 2456 GENUS.

363 2499 504 2574 Medici
522 2499 656 2576 Febres
683 2499 757 2574 hoc
786 2512 953 2595 ternpore
980 2501 1018 2575 in
1045 2516 1118 2577 tres
1143 2504 1321 2599 praecipue

270 2595 392 2674 classes
418 2598 640 2694 dispescunt,
671 2599 709 2672 in
730 2602 892 2688 criticas,
913 2595 1130 2695 'Phlogisticas
1151 2601 1186 2674 ἁ
1210 2604 1318 2676 Exue·

269 2703 475 2784 thematieas,
501 2697 538 2770 in
563 2697 692 2788 quibus
710 2695 936 2771 Hemitritaea
954 2697 1074 2772 nostra
1095 2698 1242 2774 Criticis
1265 2699 1317 2772 ad·

267 2792 454 2868 scribitur:
489 2794 608 2867 febres
639 2798 768 2868 Criticae
795 2809 914 2867 autem
939 2796 977 2870 in
1002 2803 1188 2884 continuas,
1206 2805 1316 2871 'inin-

266 2899 427 2966 mittentes
445 2891 712 2964 &exacerbantes
732 2890 954 2966 dividuntur.
1007 2894 1246 2970 Exncerbcmtes
1270 2914 1334 2967 eae*

267 2990 388 3064 febres
424 2989 560 3063 criticae
588 3001 791 3078 vocantur,
821 3008 909 3080 quae
939 3012 985 3063 ex
1015 2990 1116 3068 febre
1147 2991 1333 3067 continua

269 3109 350 3163 cum
369 3086 637 3161 intermittente
658 3085 824 3160 conflatae
839 3084 941 3179 sunt,
966 3099 1028 3161 aut
1047 3111 1124 3180 quae
1145 3089 1314 3164 continue
1330 3121 1331 3124 ¹

268 3185 458 3281 affligunt,
498 3184 549 3257 its
581 3197 623 3257 ut
654 3180 904 3280 ingravescant
942 3206 1135 3279 novosque
1172 3175 1330 3261 insultus]

265 3282 416 3358 hora&
443 3281 502 3356 die
532 3280 770 3355 determinata
801 3279 958 3374 faciant,
996 3284 1196 3358 autetiam
1229 3305 1327 3377 quae„

267 3401 389 3456 novus
408 3393 600 3472 antequam
620 3377 769 3452 insultus
787 3375 904 3470 adest,
929 3379 980 3453 ita
993 3380 1099 3474 plane
1117 3383 1326 3468 remittuntr

266 3490 309 3550 ut
332 3477 463 3551 febrim
487 3477 551 3548 vix
576 3475 706 3550 sentiat
731 3497 844 3572 aeger3
878 3499 983 3570 quarn
1010 3480 1060 3551 ob
1086 3479 1235 3553 caussam
1259 3473 1324 3563 aiii,

267 3574 431 3660 audiores
462 3597 522 3647 eas
551 3575 759 3649 Remittenter
800 3571 981 3649 dixerunt.
1057 3576 1174 3650 Probe
1215 3573 1323 3660 novi,

266 3674 458 3748 maximam
489 3687 629 3766 partem
662 3671 817 3746 febrium
853 3673 1108 3747 continuarum
1144 3676 1222 3770 eius
1250 3656 1322 3751 eise*

196 3811 203 3824 ·
267 3770 425 3859 indolis,
452 3769 550 3862 quod
568 3768 711 3844 nostem
728 3769 847 3843 versus
869 3771 1148 3844 exacerbentur:
1173 3773 1320 3866 agrurn-J

265 3867 380 3942 tionis
407 3889 499 3939 vero
522 3865 691 3940 decursus
714 3868 812 3943 nulla
834 3865 1035 3942 remiisrone
1056 3868 1242 3943 manifesta
1265 3865 1319 3936 ino'

265 3965 522 4072 terrumpitur3
552 3978 747 4060 antequam
768 3984 889 4044 novus
914 3965 1063 4068 insurgit
1083 3965 1294 4138 insultulwsffi}i
