2700 4780
265 211 336 336 47h
441 187 452 206 t
630 231 720 311 SUS·
747 223 955 314 sc'ROFll.

269 537 276 546 ·
363 515 488 592 Macie
512 515 719 589 laborantes
743 531 783 588 ut
806 535 940 610 eorpus
965 513 1180 590 athleticum
1211 519 1333 612 acqui-

264 629 366 706 rant,
398 613 577 708 Diaetam,
609 611 728 686 suibus
753 614 920 704 similem,
947 613 1148 686 necessario
1171 614 1331 689 servent

266 713 441 792 Omnium
464 713 583 806 primo
606 708 676 784 suis
693 712 828 801 modu,
853 711 963 785 nullis
979 712 1058 784 aliis
1077 712 1173 785 cibis
1193 735 1244 787 ac
1264 713 1331 787 sur·

265 813 420 890 colentis
449 809 635 896 fruantur3
660 807 983 883 succulenta‘enim
1003 825 1183 904 potenter
1213 814 1328 902 alunt,

95 959 105 980 .
145 977 148 987 ,
192 983 197 998 1
263 912 362 987 arida
385 907 477 981 vero
502 907 692 980 exsrccant.
741 907 939 1000 Nunquam
971 909 1054 981 illos
1081 907 1226 982 obesos
1252 931 1321 982 eua-

159 1007 162 1015 ’
264 1011 350 1084 dere
383 1005 643 1101 observamus,
666 1004 726 1096 qui
748 1006 940 1098 plurimum
966 1007 1052 1080 eibo
1081 1005 1180 1079 duro
1202 1007 1241 1081 dt
1256 1009 1319 1080 aliis

169 1195 171 1198 ,
263 1105 479 1183 salsamentis
513 1101 771 1192 sustentantur,
816 1105 970 1178 arabus
1002 1105 1099 1178 enirn
1132 1105 1318 1196 ejusnrodo

263 1205 392 1298 chylns
420 1200 608 1275 laudabilis
643 1200 759 1294 parari
787 1202 936 1293 nequit,
975 1205 1096 1276 oleum
1131 1204 1238 1277 enim
1266 1225 1321 1278 no

201 1337 205 1346 ·
261 1305 375 1378 triens
407 1301 536 1394 partim
567 1299 781 1371 exfaecatum
806 1298 886 1389 est,
928 1301 1058 1392 partim
1087 1322 1109 1374 a
1139 1299 1215 1374 sale
1242 1323 1321 1375 con·

262 1402 425 1478 sumtum.
495 1395 633 1470 Contra
666 1410 810 1485 autem,
849 1397 934 1470 tal'ia
962 1400 1143 1490 aquibus
1180 1401 1321 1474 emulso

262 1499 347 1576 elici
383 1495 524 1592 potest,
568 1517 610 1567 ea
645 1495 901 1591 pinguedinem
939 1497 1178 1590 accelerant,
1217 1499 1318 1594 longa

261 1598 359 1671 enim
395 1595 471 1667 non
504 1603 612 1688 egent
643 1594 930 1688 preparatione,
980 1595 1066 1686 quin
1102 1593 1144 1669 in
1180 1596 1316 1688 clytum

261 1694 403 1769 abeant.
469 1689 619 1782 Optime
650 1709 765 1780 vero,
805 1691 839 1764 u
869 1689 1029 1764 citiffime
1062 1693 1307 1790 pinguedinem

259 1793 463 1865 accelerant
494 1787 612 1860 dulcia
637 1787 670 1858 &
695 1789 918 1878 saccharum,
953 1811 1112 1884 quorum
1141 1793 1303 1886 praecipua

258 1892 361 1978 sunt,
391 1885 548 1973 Carice,
580 1884 746 1973 Pass'ulae,
773 1887 887 1972 Uvae,
915 1886 1143 1982 Amygdala,
1172 1889 1306 1962 Sartha·

258 1985 360 2077 rum,
398 1983 432 2056 δι
465 2005 542 2077 quae
577 1981 679 2076 plura
718 1984 809 2058 sunt.
855 1985 1061 2058 -Pauoeres
1097 1987 1138 2060 in
1172 1987 1309 2081 Europa

258 2081 400 2161 australi
433 2081 475 2154 ad
506 2080 704 2155 custodiam
736 2081 1001 2157 vindemiarum
1032 2085 1189 2176 delesti,
1224 2087 1313 2160 Uvis

256 2180 477 2270 &Carieis,
509 2179 613 2252 brevi
647 2193 833 2274 tempore,
867 2182 1086 2276 pinguedine
1121 2183 1312 2258 mundant.

256 2282 428 2374 Denique
456 2278 673 2371 requiritur,
698 2294 740 2352 ut
762 2276 832 2352 suis
858 2281 971 2353 modo
997 2282 1194 2373 cupienter
1217 2283 1312 2357 cibus

255 2377 440 2473 sopiatur,
467 2377 617 2449 &bene
645 2377 902 2468 manducetur,
929 2385 975 2451 ut'
996 2378 1107 2452 saliva'
1134 2381 1224 2453 erbo
1245 2383 1307 2452 rire

254 2478 464 2562 misceatur,
491 2475 640 2547 minime
664 2497 756 2548 vero
778 2475 876 2569 {atsto
898 2478 1051 2549 celerius
1071 2477 1107 2549 dr
1121 2476 1302 2552 seminan-

252 2575 308 2652 sus
337 2573 502 2670 deglutiri
532 2573 662 2661 deber3
700 2573 935 2668 proverbium
966 2574 1016 2648 est
1042 2576 1138 2670 apud
1163 2575 1303 2663 Arabes,

255 2674 353 2770 Quod
371 2673 445 2761 illi,
474 2671 533 2762 qui
560 2672 680 2744 cibum
698 2672 817 2744 minus
841 2673 1093 2756 manducatum
1119 2676 1230 2748 citius
1252 2673 1309 2746 de·

253 2772 432 2870 glutiunt,
467 2767 619 2837 animam
652 2770 835 2860 propriam
870 2771 959 2843 odio
988 2772 1169 2846 habeant:
1208 2775 1311 2865 panis

251 2865 386 2942 diutius
402 2861 651 2952 manducatus,
673 2864 710 2935 in
726 2865 869 2957 chylum
888 2864 963 2942 fere
980 2869 1116 2942 transtra
1155 2869 1311 2943 Somnus

251 2955 555 3040 sufficientissimus
579 2960 642 3048 stt,
670 2984 743 3054 quo
765 2966 946 3059 copiosius
975 2967 1072 3044 enim
1095 2969 1211 3041 borno
1231 2967 1310 3042 dor·

250 3061 337 3148 roit',
364 3077 416 3132 eo*
432 3055 814 3154 minu's'disperguntur
835 3063 1052 3154 vire'svitae,
1076 3066 1167 3139 hinc
1189 3067 1310 3140 minot-

250 3161 359 3254 c‘opia
389 3157 486 3249 ehyli
518 3155 579 3259 ad¹
601 3158 757 3250 partium
792 3161 1012 3236 eonsumitur
1044 3163 1308 3250 nutritionem,

248 3253 513 3350 consequenter
537 3255 617 3348 plus
644 3257 872 3352 pinguedinis
899 3261 936 3332 in
962 3275 1098 3333 naturae
1123 3264 1310 3359 colligitur

247 3351 493 3452 repositoriis,
516 3353 679 3446 accedit,
705 3355 802 3447 quod
824 3357 932 3449 adeps
951 3357 1090 3452 optime
1107 3359 1207 3434 inter
1227 3361 1306 3434 dor·

246 3453 431 3530 miendum
458 3447 675 3542 lbeernitur3
700 3453 850 3526 nimium
877 3456 1109 3528 lucubrantes
1133 3459 1204 3532 vix
1229 3459 1305 3554 pin·

246 3551 402 3651 guedine
413 3547 590 3642 gaudent,
615 3551 749 3623 etiamfi
765 3551 956 3644 plurimum
972 3551 1110 3626 sumant
1128 3557 1298 3630 alimenti.

249 3649 386 3726 Omnis
404 3647 514 3717 labor·
531 3647 742 3818 relegandus
766 3648 836 3739 est,
869 3651 973 3724 latior
995 3652 1091 3724 enim
1120 3653 1293 3749 dispergit,

247 3744 421 3842 quidquid
439 3741 574 3816 atisin
625 3747 709 3818 reris
730 3747 908 3839 lucratus;
935 3761 976 3822 ut
996 3765 1136 3823 taceam
1158 3757 1289 3850 pingue

247 3847 392 3933 dinem,
415 3864 494 3936 quae
522 3840 650 3915 sudore
679 3844 794 3917 nimio
820 3847 1016 3936 amittitur3
1042 3847 1169 3924 rustici
1192 3845 1294 3926 nostri

247 3937 440 4035 laboriosi,
465 3938 498 4013 ἂ
524 3940 705 4035 operarii,
738 3944 917 4020 abdomen
945 3946 1131 4040 prolixum
1154 3971 1231 4026 noo
1253 3945 1297 4020 ie·

255 4065 259 4077 '
1208 4057 1294 4122 mili.
