2626 4804
253 253 325 326 344
478 225 742 310 ANIMALIA
768 227 1083 308 ¹COMPOSITA.

177 461 191 488 .
251 409 404 505 ingenio
444 412 628 500 humano,
665 410 854 482 varietatis
895 409 1152 496 amantissimo,
1191 407 1284 484 deesse

251 529 437 602 nunquam
458 509 601 602 possint,
628 509 677 580 ita
695 507 862 598 quidem,
886 523 928 581 ut
943 509 1099 602 plurima
1112 507 1145 582 se
1159 507 1285 580 noscere

254 607 315 699 qui
354 608 647 695 existimaverat,
686 605 803 678 eidem
845 607 935 678 novi
977 627 1067 680 mox
1107 605 1285 699 aperiantur

254 704 395 798 campi,
424 725 543 778 rerum
565 704 830 797 incognitarum
847 704 994 794 referti,
1019 702 1168 796 quosit,
1191 719 1227 774 ut
1237 703 1285 774 ho·

252 801 366 888 mini,
391 817 555 878 naturam
573 799 767 891 scrutanti,
795 802 921 896 ingens
939 801 1108 895 quotidie
1129 801 1283 894 voluptas,

253 919 428 974 unacum
452 898 788 994 cognoscendorum
803 899 1046 974 succrescente
1069 899 1198 993 copia,
1221 919 1283 970 con·

254 996 357 1070 tinue
383 997 562 1095 gignatur.
964 999 967 1008 '

352 1116 441 1188 Haec
464 1116 588 1189 omnia
612 1111 656 1186 ad
680 1113 748 1186 tria
769 1129 894 1186 amurca
913 1137 1031 1206 regim,
1057 1113 1278 1200 animale,re·

253 1211 413 1307 getabile
435 1213 468 1286 δι
492 1212 695 1307 lapideum,
724 1233 841 1285 rerum
875 1211 983 1304 periti
1013 1211 1223 1284 naturalium
1237 1208 1273 1280 diu

254 1311 483 1400 retulerunt,
508 1332 585 1402 quae
607 1309 695 1381 licet
717 1308 836 1402 primo
862 1308 997 1381 intuitu
1019 1311 1174 1382 multum
1198 1307 1271 1378 direr-

255 1404 312 1494 sa,
337 1422 373 1480 et
395 1432 414 1480 a
435 1407 469 1480 se
492 1408 649 1480 invicem
675 1406 850 1498 disjuniia
868 1405 936 1478 effe
956 1403 1174 1492 videantur,
1197 1419 1276 1476 tanea

254 1505 423 1578 venienti
453 1504 496 1577 ad
526 1501 687 1577 confinia
719 1503 887 1594 illorum,
921 1493 983 1578 ubi
1013 1502 1121 1577 limes
1156 1502 1234 1575 inter
1253 1519 1281 1570 ea

255 1599 351 1676 fixus
371 1604 433 1684 sit,
459 1603 613 1674 inventu
634 1602 676 1673 fit
697 1601 920 1694 perdifficile.
971 1601 1072 1675 Hinc
1089 1624 1121 1672 e.
1132 1623 1165 1696 g.
1180 1603 1279 1694 Spmu'c

256 1719 329 1770 nos
349 1699 572 1786 hodienum,
597 1697 641 1769 ad
659 1699 842 1790 quodnam
860 1700 1045 1794 pertineat
1064 1721 1221 1794 regnum,
1239 1696 1281 1766 u·

257 1793 342 1867 bios
365 1797 517 1870 omnino
541 1796 671 1869 reddit.
698 1827 700 1837 ·
736 1864 738 1872 ,

359 1911 530 1988 Animam
548 1935 591 1988 ac
614 1915 809 2004 Vegetaiilia
830 1912 910 1984 satis
936 1911 1078 1990 diversa
1101 1911 1229 2005 quiden
1247 1905 1288 1977 vi

260 2012 415 2101 dentur,
439 2012 501 2084 vel
529 2025 766 2104 eapropter,
802 2011 900 2102 quod
930 2009 1005 2082 haec
1033 2010 1174 2084 radices
1196 2017 1284 2100 agant,

261 2108 392 2204 qdibus
421 2111 522 2184 extr'a
551 2109 586 2184 se
616 2108 785 2182 alimenta
815 2108 988 2201 capiunt3
1034 2108 1097 2180 illa
1114 2100 1233 2202 ,artem
1253 2099 1284 2174 de

260 2209 349 2282 loco
371 2205 408 2281 in
426 2208 547 2281 locum
566 2203 599 2279 se
617 2222 792 2297 movent,
817 2205 1028 2304 radicesque
1046 2203 1125 2279 suas
1142 2201 1225 2296 (quo
1238 2219 1284 2272 no·

260 2306 360 2382 mine
378 2302 459 2378 vasa
477 2304 588 2378 tanea
608 2304 772 2400 insignire
794 2303 945 2395 liceat),
974 2303 1072 2378 intra
1089 2302 1125 2377 se
1146 2301 1282 2381 habeant

261 2403 457 2476 venientes
476 2421 568 2474 vero
588 2402 631 2475 ad
653 2401 743 2476 fines
763 2403 978 2496 regnorum,
1005 2402 1214 2497 reperimus,
1232 2413 1283 2502 nou

262 2511 404 2576 tantum
430 2500 671 2592 vegetabilia,
703 2500 775 2574 fine
804 2499 925 2572 radice
953 2499 988 2571 se
1010 2497 1222 2579 nutrientia,
1245 2491 1284 2564 alr·

262 2613 499 2689 mentumque
533 2597 631 2670 suum
661 2619 725 2690 per
752 2619 866 2692 poros
898 2595 1122 2684 sordentia,
1145 2609 1184 2668 ut
1212 2585 1282 2670 Fuci,

264 2693 324 2770 sed
351 2697 459 2767 etiam
486 2694 676 2782 animalia,
706 2717 783 2788 quae
807 2716 884 2768 non
911 2693 1021 2768 solum
1048 2696 1138 2767 loco
1161 2689 1238 2783 suo,
1257 2681 1284 2754 ts

264 2790 376 2864 instar
404 2791 685 2885 vegetabilium,
710 2808 890 2886 perpetuo
917 2789 989 2866 fixa
1015 2789 1121 2881 sunt,
1147 2813 1179 2868 e.
1195 2809 1223 2882 g.
1243 2783 1283 2856 Bi·

266 2887 362 2975 lani,
386 2887 564 2979 Setpulae,
591 2887 829 2983 Lithophyta,
856 2888 914 2963 sed
934 2890 1067 2982 pariter
1089 2889 1284 2979 aliquotam

266 2985 323 3062 his
346 2984 484 3074 affinia,
513 2999 553 3058 ut
568 2985 793 3077 Sertnsariae,
818 3010 896 3082 quae
913 2986 956 3060 ad
974 2987 1070 3062 basm
1091 2986 1221 3061 radices
1236 2977 1283 3052 suu

212 3121 225 3142 a
266 3084 427 3177 undique
449 3081 666 3180 dispergunt.

366 3220 528 3308 Natura,
555 3241 601 3292 ne
624 3218 808 3292 thesauros
827 3215 909 3291 suos
932 3215 1029 3291 fimus
1057 3236 1182 3290 omnes
1205 3205 1283 3316 retiu-

268 3317 390 3408 deret‚
418 3333 459 3390 ut
483 3319 605 3391 omnia
630 3331 816 3410 tempora,
843 3317 974 3408 quibus
990 3313 1023 3388 se
1040 3313 1233 3390 obsedent,
1251 3321 1283 3372 n·

267 3429 380 3490 venta
398 3416 574 3505 habeant,
598 3414 745 3486 videtur
767 3415 851 3487 huic
870 3414 989 3484 secuso
1007 3433 1120 3507 genus
1144 3401 1283 3512 quoddam

271 3513 558 3588 admirandorum
575 3512 803 3600 animalium,
827 3510 924 3603 qnod
938 3509 1099 3582 unimam
1117 3503 1283 3606 industrius

267 3628 404 3689 natura
427 3609 663 3684 scrutatorum
688 3609 853 3684 exercuit
876 3609 1166 3701 occupavitque,
1189 3601 1242 3673 illo
1261 3609 1284 3662 n

269 3709 381 3784 horto
406 3705 615 3794 reservasse,
644 3707 705 3804 qui
730 3709 816 3781 hac*
835 3706 885 3777 ita
908 3705 1011 3777 velut
1031 3699 1241 3782 recondidit,
1259 3703 1285 3760 tt

270 3817 361 3899 opes
392 3807 469 3896 ejus
501 3805 642 3880 nonnisi
677 3825 741 3902 per
772 3819 1001 3878 transennam
1036 3796 1284 3893 adspexersnun

269 3902 391 3980 donee
424 3899 680 4094 mentioni,
722 3899 803 3980 casu
838 3901 979 3998 magia,
1016 3919 1119 3996 quarn
1153 3886 1283 4086 sasssserrttatss
