2604 4786
252 225 326 322 230
476 203 770 302 eruturum
800 225 1073 307 svucrcuu

694 373 748 499 ς.
799 404 846 480 11.

352 547 667 648 Quemadmodum
692 570 914 644 magnopere
936 549 1137 624 cavendum
1164 542 1251 634 est,
1283 563 1295 616 r

252 649 331 726 allae
348 649 496 719 arbores
516 647 552 718 in
567 659 668 742 prata
682 647 904 738 inferantur,
929 647 993 722 nisr
1012 669 1089 742 quae
1107 644 1293 744 graminu

250 744 448 844 proventui
485 745 633 835 favent,
665 744 715 818 ita
745 747 851 818 etiam
882 768 902 818 a
929 768 968 817 re
999 744 1073 836 est,
1109 766 1192 818 non
1221 739 1295 814 alit

249 847 366 921 serere
390 842 560 933 frutices,
603 842 666 916 nist
694 843 754 935 qui
783 842 816 914 ei
844 843 1052 916 deserviunt
1076 841 1181 928 usui3
1223 837 1295 910 talc

248 943 348 1018 sunt:
388 943 524 1032 Corplus
547 963 616 1032 31,
648 944 824 1014 Samlrucus
846 964 915 1033 30,
944 938 1035 1016 Acer
1059 939 1238 1037 campestre
1255 959 1295 1028 33

249 1041 502 1132 Frangzrloaa,
533 1041 727 1131 Cornusgy,
753 1041 1016 1132 Euonymusgn,
1044 1039 1239 1134 Xylosteum
1251 1058 1295 1128 34

248 1139 522 1232 Ltgrutrumgo,
547 1138 647 1209 Rides
661 1158 792 1227 omne,
818 1139 913 1210 Solis
927 1153 1168 1233 purpureus,
1198 1137 1295 1226 Orpa-

248 1243 363 1313 cantho
388 1239 457 1322 56,
489 1235 656 1308 Rhauurus
678 1257 747 1326 54,
790 1235 905 1307 adhuc
939 1234 1057 1310 minus
1093 1236 1223 1331 Opulus
1239 1251 1292 1320 41,

249 1341 351 1422 Sulis
378 1337 556 1426 periandre
580 1355 623 1424 47
636 1386 649 1420 ,
689 1334 882 1429 Hippopha'e‘
906 1353 976 1423 55,
1017 1334 1171 1407 Berberis
1199 1327 1292 1422 58&

249 1425 462 1530 Gruffirlaria.
522 1430 525 1444 ’

350 1571 440 1644 Cum
458 1569 558 1664 sepes
576 1571 672 1641 vivae
687 1570 915 1662 plantantur,
941 1589 1035 1664 opus
1053 1567 1105 1644 est
1121 1580 1163 1643 ut
1179 1587 1296 1640 cavea·

246 1693 341 1760 mus,
368 1692 415 1742 ne
442 1671 552 1739 altera
574 1669 697 1740 harum
718 1669 821 1740 alteri
849 1664 944 1760 justo
968 1669 1123 1762 propior
1145 1667 1295 1736 colloco

246 1783 329 1858 tur,
368 1766 421 1839 uti
446 1763 556 1838 ho'die
586 1762 781 1857 sepimenta
809 1765 1047 1854 rusticorum,
1078 1763 1137 1838 sed
1167 1775 1210 1836 ut
1231 1762 1295 1854 spa·

246 1865 339 1946 tium
361 1886 451 1937 areae
480 1885 535 1936 12.
564 1864 625 1935 vel
657 1872 712 1944 18·
739 1875 932 1936 tonnarum
962 1861 1187 1956 relinquatur
1212 1859 1294 1932 inter

248 1963 398 2036 altiores
419 1960 539 2054 sepes,
567 1959 703 2034 sienim
722 1981 811 2030 areae
825 1961 932 2034 nimis
949 1958 1108 2055 spatiosae
1130 1958 1293 2050 evadunt,

247 2061 380 2156 plantae
404 2059 595 2134 breviores
617 2056 792 2132 crescunt.

703 2281 736 2366 p.
786 2270 852 2346 111.

348 2413 439 2486 Corn
469 2411 569 2506 sepes
590 2411 792 2507 plantanda
820 2411 921 2500 sunt,
951 2411 1040 2486 foll'a
1064 2412 1219 2506 primum
1242 2414 1285 2487 fo·

247 2514 380 2602 diatur,
406 2524 446 2582 ut
464 2511 598 2584 vallum
617 2511 654 2584 in
672 2512 748 2601 ejus
760 2529 835 2582 uno
851 2511 962 2581 latere
978 2511 1041 2599 srt;
1070 2510 1108 2584 in
1121 2533 1166 2584 eo
1182 2527 1286 2585 auten

191 2644 196 2656 1
246 2611 360 2708 glebae
387 2609 637 2698 invertantur,
665 2607 730 2680 nist
755 2605 955 2680 necessaria
976 2608 1112 2682 suerint
1130 2608 1171 2680 ad
1191 2611 1284 2684 latera

247 2708 335 2782 valli
368 2705 542 2800 tegenda,
581 2704 762 2796 praecipue
793 2705 817 2777 sr
846 2716 942 2778 terra
973 2705 1065 2778 adeo
1097 2707 1214 2780 mollis
1241 2709 1282 2796 st,

246 2820 290 2878 ut
307 2804 433 2898 pluvia
452 2803 546 2874 ablui
576 2801 690 2895 poffit.
744 2801 785 2876 ln
809 2801 881 2875 hoc
905 2803 1087 2896 plantetur
1109 2803 1204 2896 sepes
1227 2807 1281 2900 prl-

247 2924 310 2978 mo
335 2923 422 2972 vere
449 2912 640 2991 antequam
668 2915 825 2973 vernent
854 2901 1024 2994 arbores,
1054 2903 1149 2994 quod
1182 2904 1281 2976 mense

249 2997 539 3074 Germiuationis
558 2993 620 3087 fit,
650 3014 727 3072 turn
748 2999 856 3071 etiam
874 2995 1008 3073 semina
1033 3000 1208 3092 ejusmodi
1226 3003 1292 3074 frua

248 3099 361 3192 ticum
387 3111 491 3168 terre
521 3095 741 3187 inferantur,
775 3111 816 3168 ut
844 3111 971 3187 enata,
999 3098 1160 3189 repleant
1190 3103 1292 3172 inter-¹

247 3197 345 3270 stitia
375 3193 558 3267 fruticum.
608 3193 729 3268 Primo
755 3216 853 3267 anno
880 3216 901 3266 a
924 3216 1098 3287 pecorum
1129 3198 1277 3270 morsibus

246 3291 449 3387 sepimento
472 3291 616 3364 defendi
644 3291 752 3364 debet
780 3291 901 3385 sepes,
928 3314 1026 3366 anno
1049 3293 1204 3384 sequenti
1224 3295 1275 3366 fro·

246 3392 340 3463 tices
363 3389 573 3480 spithamaeae
607 3388 830 3477 altitudinis,
857 3390 960 3462 caule
983 3392 1028 3462 ab
1055 3389 1128 3462 imo
1150 3391 1191 3462 ad
1209 3391 1291 3465 sun·¹

246 3511 344 3562 mum
367 3483 494 3558 relitlo
524 3485 748 3574 resecentur,
784 3486 1015 3561 rar-stolones
1041 3487 1226 3564 confertim
1242 3483 1273 3559 ad

246 3585 403 3660 radicem
426 3585 614 3673 emittant;
642 3584 772 3656 deinde
794 3584 908 3679 sepes,
930 3607 1016 3657 vere
1034 3586 1094 3656 vel
1110 3601 1290 3672 autumno,

244 3683 307 3758 vel
330 3682 438 3754 etiam
459 3696 623 3772 ternpore
638 3681 889 3776 StJohannis,
918 3681 1062 3755 tonderi
1082 3682 1225 3775 debent,
1242 3695 1271 3754 ut
1289 3685 1290 3719 l

245 3781 426 3856 densiores
453 3779 629 3864 evadant,
656 3779 690 3850 dc
719 3797 848 3852 caveat
877 3781 1027 3873 quisque
1056 3781 1195 3857 tonsura
1219 3783 1268 3856 sre-

244 3876 488 3974 quentillima,
513 3898 559 3949 ne
584 3878 677 3951 ullus
702 3877 875 3954 fruticum
896 3877 1004 3953 arbor
1027 3875 1104 3954 fiat.

1238 3995 1263 4072 sr
