2714 4768
481 247 1108 420 mmm

134 577 150 605 '
267 502 1339 825 un'ruusfflrunnor

348 1354 355 1372 Α
428 1177 521 1317 D„
557 1174 641 1306 D.
691 1174 850 1312 Cau.
901 1173 1157 1304 Lmnm

398 1489 402 1496 .
625 1409 627 1414 ·
702 1386 893 1484 proposuit
1210 1459 1217 1466 ,

348 1529 677 1631 JOHANNES
733 1525 979 1602 HENRIC.
1037 1523 1252 1604 HAGER

704 1643 893 1704 Smolendns.

538 1771 680 1868 Upsaiiae
708 1791 811 1862 1757.
872 1766 980 1868 Junii
1008 1780 1064 1852 18.

276 1968 1333 1994 manunt—nm

273 2211 277 2221 ·
373 2174 540 2252 rovidam
558 2171 722 2268 Supremi
738 2171 911 2246 Numinis
929 2193 1049 2246 curam
1071 2175 1131 2246 vel
1157 2174 1244 2249 ideo
1263 2177 1329 2250 rni-

402 2275 473 2348 rari
500 2273 699 2360 convenit,
736 2271 833 2363 quod
860 2271 1009 2342 eandem
1047 2272 1181 2364 ubique
1210 2275 1332 2368 globo

405 2370 532 2443 nostro
569 2381 759 2459 terraqueo
796 2389 872 2440 non
916 2367 1134 2460 impresserit¹
1172 2369 1334 2466 faciem,

270 2489 397 2542 verum
416 2467 453 2539 in
473 2465 574 2538 Mare
591 2464 625 2535 &
643 2467 856 2537 Continentnn
871 2465 971 2537 illum
988 2467 1202 2559 partiendo,
1230 2493 1335 2543 mor·

269 2566 396 2640 talium
414 2561 613 2636 &utilitati
634 2561 669 2634 ἂ
690 2562 928 2654 jucunditati,
961 2564 1090 2637 mirum
1117 2566 1153 2638 in
1176 2568 1335 2642 modum

269 2661 501 2738 consuluerit.
552 2659 756 2752 Utrumque
785 2660 914 2733 horum
943 2660 1094 2734 cuilibet
1120 2663 1336 2740 adcuratius

270 2758 499 2854 inspicienti,
524 2757 678 2830 maxima
700 2757 898 2830 eorundem
924 2759 1101 2832 obveniet
1126 2760 1161 2832 in
1184 2760 1336 2836 diffimi-

216 2850 224 2866 '
268 2856 423 2932 litudine
461 2855 649 2950 analogia3
683 2866 919 2948 praeterquam
950 2856 1069 2948 enim,
1102 2857 1221 2950 quod,
1257 2883 1338 2953 qua

263 2961 440 3056 planities,
467 2958 630 3028 cacrrminn
646 2950 680 3023 dt
694 2957 873 3039 convalles,
902 2973 977 3026 non
996 2951 1087 3027 adeo
1105 2953 1335 3048 discrepent,

270 3055 394 3128 eadem
415 3051 513 3142 sere,
541 3047 638 3142 quod
656 3048 819 3139 mireris,
848 3049 981 3122 Summi
1003 3049 1216 3124 Conditoris
1239 3058 1335 3128 arti·

267 3153 373 3243 ficia,
386 3155 551 3243 'quorum
567 3144 773 3219 feracissima
786 3143 866 3219 sunt
879 3147 948 3219 tria
960 3147 1021 3220 illa
1032 3146 1070 3220 N
1073 3162 1182 3221 aturae
1196 3172 1334 3246 regna,

268 3250 438 3324 immania
458 3247 587 3319 fovere
613 3263 777 3336 aequora,
801 3245 1046 3320 recentiorum
1069 3247 1233 3319 docuere
1258 3251 1336 3324 ob·

267 3347 501 3422 servationes.
553 3342 594 3415 In
622 3342 666 3413 iis
694 3341 925 3436 detegendis,
959 3342 1257 3418 describendis&
1291 3347 1336 3424 in

267 3445 433 3516 ordinem
463 3438 658 3536 cogendis,
692 3458 769 3530 quae
793 3461 856 3531 per
882 3440 1134 3514 continentem
1160 3441 1338 3520 latissime

266 3540 400 3636 sparsa,
427 3538 579 3612 sensibus
596 3534 802 3610 nostris-sui
825 3539 968 3631 copiam
992 3539 1146 3612 maxime
1164 3539 1335 3634 faciunt,

267 3641 351 3712 dum
368 3635 581 3710 desudarunt
594 3646 729 3706 natura
748 3634 899 3721 curiosi,
927 3657 1071 3708 omnem
1087 3637 1163 3710 sere
1177 3659 1335 3732 eorum,

267 3758 345 3830 quae
370 3733 431 3806 sub
463 3731 567 3804 undis
593 3727 829 3820 delitescunt,
863 3734 1028 3827 abjecere
1057 3756 1200 3825 curam,
1234 3758 1336 3828 pau·

265 3834 348 3906 cuia
365 3841 519 3919 tantum,
545 3827 589 3900 ad
612 3826 738 3900 littora
754 3827 887 3920 obvia,
919 3827 1118 3906 observasse
1140 3837 1337 3912 contenti.

263 3931 363 4006 Hinc
390 3927 522 4003 fanum
550 3923 619 3998 eise
646 3944 753 4026 reor²
784 3939 826 4002 ut
850 3925 989 4004 vatium
1016 3950 1136 4024 mue,
1162 3931 1224 4042 vel
1255 3953 1337 4025 pro

1206 4049 1335 4105 rnam-
