2714 4768
695 86 707 128 l

261 246 310 318 60
360 349 364 358 ῃ
533 235 680 312 naurs
709 197 1046 319 urmaatrcus.

248 409 520 516 ¹aliquantulum
534 413 662 490 salis&
680 417 870 510 fermenti,
896 433 938 492 ut
953 442 1017 513 per
1041 439 1147 494 unam
1166 416 1330 498 nostem

258 517 577 598 fermentationem
616 515 795 627 recipiat,
838 539 915 610 quae
948 520 973 592 fi
1009 517 1144 590 diutius
1185 519 1330 612 dur-at,

260 618 391 718 acescit
418 611 543 703 massa,
568 615 761 687 ueletiam
787 615 886 708 pasta
911 617 1123 689 fermentata
1148 615 1329 728 superad-

260 717 355 806 dita,
389 725 538 807 augetur
561 712 781 801 acrimonia,
811 713 909 804 quod
936 713 1178 786 communiter
1206 712 1326 790 fitin

254 813 398 888 Scania.
449 808 601 882 Perinde
631 822 751 884 autem
776 809 851 900 est,
874 811 947 883 five
978 812 1106 884 florem
1132 809 1323 884 cerevism

258 925 459 999 natantem,
481 905 573 979 five
571 905 856 1000 praecipitatum,
883 930 942 1000 qut
935 908 1028 982 faex
1044 909 1226 982 cerevistae
1239 907 1326 981 dici

257 1009 370 1096 solet,
404 1006 441 1079 in
465 1005 562 1080 hunc
587 1003 685 1078 usum
711 1005 963 1097 adhibeamus,
997 1005 1110 1078 modo
1140 1005 1326 1082 cerevisia

257 1129 335 1182 non
370 1105 481 1177 fuerit
511 1102 623 1177 acida.
684 1102 873 1177 Exsiccata
903 1100 1019 1179 solent
1044 1105 1212 1178 nonnulli
1242 1103 1325 1178 fer-

252 1217 419 1280 mentum
443 1202 481 1276 in
503 1201 645 1274 futuros
671 1199 773 1290 usus,
805 1200 914 1294 idque
938 1205 999 1275 vel
1020 1200 1248 1275 infundendo
1278 1201 1325 1278 iu

256 1302 414 1376 circulos
438 1321 483 1371 ex
505 1299 625 1370 culmo
648 1298 857 1389 consedos,
887 1313 927 1373 ut
951 1299 1033 1372 heic
1056 1301 1093 1372 in
1112 1299 1323 1393 Uplandia‚

255 1403 317 1473 vel
342 1399 380 1471 in
400 1397 539 1490 stipites
565 1395 601 1468 in
626 1394 779 1470 formam
803 1396 1044 1486 staladlitidis,
1073 1397 1127 1470 uti
1148 1396 1322 1474 Smolan-

252 1498 310 1570 vdis
334 1517 414 1570 mos
439 1493 512 1583 est,
543 1514 616 1585 quo
643 1493 748 1587 padio
779 1516 844 1588 per
871 1508 989 1567 totum
1015 1517 1148 1568 annum
1176 1493 1320 1568 servari

252 1595 356 1668 solet.
407 1591 645 1681 Nobiliores,
671 1606 713 1664 ut
730 1613 861 1685 panem
882 1593 1039 1665 habeant
1062 1592 1318 1666 candidiorem

253 1693 288 1764 dt
312 1689 617 1800 praestantiorem,
648 1710 716 1782 pro
742 1709 855 1781 aqua,
887 1689 978 1763 ladle
1008 1703 1183 1777 utuntur,
1213 1690 1319 1764 unde

252 1785 310 1882 sap
314 1811 356 1859 or
367 1787 474 1859 etram
491 1798 611 1880 gratus
631 1785 781 1859 accedit.
833 1787 1082 1877 Anonnullis,
1102 1788 1146 1859 ad
1162 1787 1269 1860 dies
1257 1809 1318 1861 ιιι-

251 1885 377 1981 primis
402 1883 534 1972 festos,
568 1882 692 1956 succus
722 1881 870 1958 Ptisanae
897 1885 1026 1958 hordei
1057 1886 1168 1977 (Virt
1155 1880 1215 1972 t),
1241 1907 1320 1977 pro

251 2005 367 2078 aqua,
394 1981 605 2070 adhibetur,
633 1982 691 2074 qui
718 1982 826 2054 etiam
846 2005 974 2076 panem
993 1981 1113 2056 reddit
1135 1981 1317 2075 sapidum.

250 2079 504 2154 Admiscentur
533 2077 642 2152 etiam
670 2079 776 2170 Ova,
811 2102 889 2172 quae
915 2079 1054 2153 faciunt
1078 2102 1190 2173 panes
1215 2081 1314 2154 mol-

248 2180 361 2252 liores
379 2176 540 2272 &magis
562 2177 747 2266 friabiles,
769 2177 1007 2268 Saccharum,
1029 2177 1171 2251 Palsulae
1185 2177 1313 2252 corin·

249 2278 399 2367 thiacae,
434 2275 597 2366 saporem
631 2229 832 2347 conciliant
867 2276 1083 2368 gratiorem,
1124 2287 1166 2348 ut
1196 2275 1317 2352 etiam

250 2373 413 2460 Crocus,
442 2369 804 2458 seminaCoriandri,
831 2371 954 2460 Anist,
986 2371 1117 2464 Carti,
1142 2371 1316 2485 Cymini,

175 2529 178 2540 .
248 2468 424 2544 Foehiculi
448 2467 482 2540 δι
504 2467 597 2559 apud
606 2467 803 2561 AEgypttos
819 2467 859 2542 N
863 2469 999 2564 rgellae,
1024 2471 1084 2562 qui
1103 2471 1227 2545 omnia
1241 2469 1316 2544 suo

248 2568 426 2640 Aromata
461 2563 623 2658 saporem
659 2563 819 2656 addunt,
857 2564 938 2640 sunt
968 2566 1210 2655 stomachica,
1248 2569 1319 2644 lac

248 2664 392 2738 abunde
411 2663 590 2758 augent&
605 2662 744 2734 urinam
765 2678 941 2755 movent,
964 2666 1170 2758 tolluntque
1190 2667 1317 2740 mole·

245 2761 349 2835 stiam
372 2761 538 2834 ciborum
559 2760 853 2850 flatulentornm,
877 2717 941 2834 sed
965 2784 1073 2855 parce
1101 2777 1222 2837 tamen
1245 2765 1315 2836 ad-

243 2858 424 2949 hibenda,
458 2855 678 2932 rtisrcodlio
710 2858 785 2931 vim
813 2860 1039 2934 narcoticam
1075 2860 1210 2934 adimat
1243 2877 1316 2936 aut

245 2957 448 3030 obtundat·
486 2953 529 3028 ln
556 2953 837 3029 Otho-Gothia
866 2955 1025 3030 Pisonum
1051 2957 1146 3032 &in
1174 2959 1315 3036 Soanta

245 3053 364 3128 Viciae
395 3053 518 3126 sativae
545 3052 698 3125 farinam
726 3053 876 3128 miscent
901 3075 983 3127 cum
1009 3055 1221 3148 frumentis,
1263 3073 1314 3134 ut

244 3153 356 3248 magis
376 3149 591 3225 alimentalis
605 3151 744 3222 evadat
766 3150 1042 3225 laboriolillimis
1062 3152 1217 3244 rusticis,
1245 3155 1315 3230 sed

244 3251 345 3326 simul
361 3251 472 3422 magz'is
488 3247 662 3342 insipidus
679 3247 713 3320 u
729 3248 880 3338 ficcior,
904 3249 1022 3323 minus
1043 3265 1161 3324 autem
1179 3253 1314 3345 palato

245 3369 357 3441 accep
359 3359 416 3420 tus
467 3361 529 3420 t..

339 3447 554 3518 Fermentatio
574 3464 704 3536 panem
730 3394 849 3514 reddit
877 3443 1073 3536 porosum,
1101 3447 1312 3522 lentore&

242 3540 381 3637 glutine
405 3542 614 3616 adtenuato.
664 3539 771 3612 Panis
795 3541 887 3613 flore
917 3555 980 3614 aut
1001 3542 1091 3616 face
1121 3544 1310 3620 cerevisrae

233 3639 499 3728 sermentatus,
529 3638 644 3711 dulcis
671 3636 815 3726 evadit,
842 3660 887 3712 ex
910 3638 1008 3731 pasta
1028 3662 1121 3712 vero
1145 3641 1308 3720 sermen-

240 3750 340 3828 tata,
371 3735 493 3810 relicta
517 3735 607 3808 &in
627 3733 708 3808 usus
731 3733 964 3824 conservata,
991 3737 1126 3811 acidus

248 3899 252 3906 .
338 3831 507 3927 Sequitur
531 3836 699 3918 Sabellio,
729 3831 791 3904 ubi
817 3833 923 3906 malla
943 3835 1059 3926 probe
1082 3835 1307 3932 ventilatur,

236 3932 507 4025 venatibus,
542 3942 585 4006 ut
605 3931 718 4026 vulgo
742 3927 918 4008 familiare
941 3930 1014 4028 est,
1043 3934 1105 4007 vel
1126 3889 1307 4104 pedibus}

245 4072 253 4088 .
1255 4053 1282 4104 u
