2626 4804
196 257 469 339 ammana
494 255 809 340 comtosrrn
965 281 1037 366 347

85 437 429 518 VEGETABILIA
457 455 585 516 contra
613 464 656 516 ea
686 442 824 518 duabus
855 445 1039 540 precipua
1166 523 1170 529 ,

13 542 165 637 partibus,
207 541 367 614 medulla
396 541 565 620 nimirum
599 541 829 632 &cortice,
870 541 1051 632 constare,

13 640 157 712 videntur.
211 641 391 726 Medulla,
417 638 568 712 materia
587 639 647 712 illa
668 637 869 736 spongiosa,
893 639 1039 735 ipsaque

13 741 107 832 plante
127 735 240 826 vita,·
262 739 299 810 in
323 735 504 810 inlinitum
531 735 589 827 se,
615 737 910 812 instarpnniun
930 739 1039 812 vivo·

13 858 80 920 run,
100 835 336 928 multiplicat,
363 835 397 905 u
418 833 606 908 succrescit
631 836 820 909 eminimo
834 836 1039 930 primordio
1180 863 1188 884 =

13 933 36 1004 td
51 932 193 1006 niunos
218 930 303 1006 suos
329 932 473 1026 apices,
498 931 788 1008 &continuatio
814 934 926 1010 solum
953 935 1040 1012 inda

13 1029 132 1120 lplima
157 1031 290 1108 mundi
318 1031 506 1132 creatione
538 1029 607 1106 esse
631 1030 825 1132 Judicatur.
875 1033 965 1107 Haec
994 1033 1040 1107 ad

13 1127 78 1200 rasin
103 1127 331 1218 demoritur,
369 1128 412 1202 nd
443 1129 565 1224 apices
595 1149 686 1202 vero
718 1129 801 1204 suos
830 1131 1039 1226 continuat,
1087 1179 1091 1188 -

13 1225 65 1296 lun
88 1227 125 1300 in
149 1224 438 1302 fructificatione
469 1226 674 1316 emittatur,
706 1241 814 1321 atque
842 1229 878 1300 in
905 1226 1041 1328 semina

13 1337 111 1412 ntret,
135 1339 180 1397 ut
204 1325 246 1398 in
272 1345 390 1420 novas
413 1323 510 1397 vitas
538 1323 654 1418 disper
677 1337 768 1400 atur.
807 1325 895 1398 unt
917 1339 1041 1404 autem

13 1421 110 1494 num
128 1421 203 1496 hoc
227 1423 341 1496 modo
363 1405 573 1518 erumpendi
597 1345 713 1496 angm
736 1423 978 1516 nanciscitur,
1000 1425 1040 1503 in

13 1515 181 1610 infinitum,
208 1521 352 1596 ceteris
370 1521 537 1616 paribus,
562 1522 769 1612 continuat,
793 1521 907 1595 modo
925 1523 1040 1596 nutri·

13 1629 158 1706 nentum,
188 1619 290 1713 quod
317 1618 457 1692 fibimet
484 1617 650 1712 praestare
680 1620 828 1713 nequit,
861 1620 1068 1715 obtineat.¹

13 1709 182 1790 substantia
221 1722 385 1792 curticulis
426 1717 538 1790 altera
575 1715 626 1790 eli
662 1739 744 1812 pars
780 1719 1042 1814 vegetabilium

13 1807 193 1907 sentitiis,
219 1835 299 1910 quae
316 1814 450 1910 plantis
468 1815 676 1890 alimentum
692 1815 842 1908 prabet,
862 1817 909 1908 u,
929 1835 1041 1910 qnan-

13 1923 62 1980 un
85 1909 119 1984 in
145 1911 181 1986 se
216 1912 294 2004 esi,
330 1911 556 2004 substantiam
590 1914 819 1988 medullarem
855 1914 1041 1990 includere

13 2022 154 2098 onaan,
180 2025 382 2104 terraeque,
406 2009 657 2108 undevisium
680 2011 842 2105 colligit,
869 2011 1041 2105 adheret,

13 2098 173 2180 instantia
196 2109 280 2183 med
309 2109 387 2186 llari
407 2105 538 2184 sursum
555 2109 731 2183 continue
749 2108 935 2203 serpente,
959 2131 1043 2184 cor·
1078 2167 1093 2176 .

13 2197 221 2298 iisdemque,
245 2131 461 2282 milliffimas
485 2206 530 2280 ad
549 2207 819 2296 extremitates,
844 2207 1041 2282 ubimini-

13 2300 109 2404 naest
132 2305 355 2396 resistentia,
383 2301 621 2379 distendente.
673 2303 856 2410 Quamdiu
884 2301 1041 2378 substan-

13 2403 44 2466 ua
62 2402 244 2476 corticalis
268 2400 450 2477 sufficiens
480 2403 689 2477 alimentum
717 2403 852 2492 habet,
890 2415 931 2476 ut
957 2399 1042 2476 satis

13 2493 102 2568 talida
123 2501 281 2593 evadat,
305 2501 536 2574 medullarem
561 2521 638 2576 non
663 2501 769 2576 facile
798 2499 954 2590 emittit,
980 2499 1044 2574 de-

13 2585 157 2672 bilitatam
185 2619 281 2672 vero
309 2597 469 2696 diffringi
495 2597 674 2674 necessum
695 2597 768 2690 est,
801 2613 843 2672 ut
869 2597 1043 2674 medulla·
1099 2595 1106 2604 ’

13 2699 66 2762 ten
87 2691 120 2768 in
143 2695 428 2772 srudlificatione
451 2695 626 2772 effundat.

29 2975 35 2989 ,
83 2885 285 2966 Substantia
308 2893 513 2968 medullaris
533 2894 734 2990 plantarum
748 2892 1043 2991 multam-analo-

13 2993 81 3068 gram
96 3007 177 3065 cum
199 2993 339 3064 medulla
350 2991 477 3088 spinuli
498 2990 704 3065 animalium
726 2991 860 3066 habere
879 2989 1042 3080 videtur,

13 3075 56 3185 its}
77 3088 198 3164 nervis
222 3102 364 3176 careat;
399 3107 510 3182 quare
533 3109 603 3162 nos
632 3088 670 3161 fu
696 3089 746 3179 it,
777 3111 821 3162 an
852 3085 1044 3182 plantae&

13 3183 151 3257 annalia
176 3186 281 3262 aliter
293 3185 516 3280 discrepent,
541 3185 688 3278 quamn
718 3185 886 3275 casulis,
912 3183 1048 3278 quibus

13 3263 137 3380 [causatio
157 3284 192 3356 u
218 3295 340 3356 motus
366 3283 619 3371 voluntarius,
654 3277 715 3377 qui
741 3284 779 3357 in
802 3282 936 3376 plantis
964 3299 1043 3356 non

13 3369 164 3474 tillium,
190 3379 229 3456 in
252 3381 465 3456 animalibus
488 3381 708 3456 exseruntur.
759 3380 828 3454 Sed
844 3379 951 3454 etiam
969 3378 1045 3452 hoc

13 3459 175 3576 dl{crimen
206 3499 313 3572 quam
344 3479 538 3553 observatu
561 3479 604 3553 sit
628 3475 794 3568 difficile,
832 3499 877 3552 ex
903 3475 1044 3570 aliquot

13 3555 150 3650 limosis
176 3575 386 3650 &oxalide
409 3576 594 3666 sensitiva,
628 3575 725 3650 tatio
740 3573 775 3650 se
794 3573 1043 3650 contrahenti·

13 3653 77 3752 bus,
105 3670 351 3768 intelligimus.
400 3675 613 3750 Substantia
645 3675 810 3767 porticali
827 3675 1045 3768 'plantarum

13 3757 179 3868 respondet
200 3771 349 3864 systema
369 3775 518 3866 uasorum
541 3771 772 3865 animalium,
797 3770 885 3846 licet
903 3771 977 3845 hot
1003 3771 1043 3844 in
1086 3829 1090 3834 .

13 3865 198 3964 turmalibus
222 3869 334 3966 magis
359 3871 571 3946 intrinsecus
594 3891 698 3964 quam
720 3869 964 3958 extrinsecus,
988 3867 1043 3939 in·

13 3961 114 4037 urnis
136 3968 198 4042 ubi
224 3968 375 4064 incipit,
401 3969 563 4044 locatum
589 3970 652 4061 fit,
681 3969 883 4062 habeatque
901 3967 935 4042 &
952 3979 1044 4075 urte-

337 4088 343 4098 ·
667 4081 676 4092 “
967 4077 1042 4138 slas
