2626 4804
261 243 358 328 eoo.
405 217 726 308 tusruvcrto
757 213 1214 302 renuentunrotus,

284 404 363 481 coeli
385 404 606 480 mutationes
624 403 791 496 cibique,
817 404 849 476 δι
867 404 1034 480 ferendas
1052 413 1220 494 preterea
1237 401 1301 482 itinl

273 506 332 579 'ris
351 502 520 596 injurias,
561 501 647 592 quin
670 501 742 573 &a
767 501 917 594 pristina
938 499 1130 574 derelitlus
1149 500 1250 574 anirui
1266 507 1301 578 un

243 632 245 645 ·
285 603 436 689 curate,
463 599 684 673 tardioribus
702 601 812 693 etjam
834 600 929 676 inter
947 597 1213 674 observandum
1229 600 1301 676 utin

283 699 438 776 sensibus
459 697 631 771 externis.
760 729 762 734 ·

698 800 706 808 '
734 801 767 888 ᾗ.
820 793 888 868 ΙΙΙ.

380 914 438 987 Eo
463 913 688 1008 summopere
714 910 923 984 enitendum
951 911 1014 984 ubi
1034 909 1181 1004 J'udicet
1198 927 1301 1004 peregol

283 1013 532 1110 profeilurus,
569 1023 611 1081 ut
633 1031 675 1080 ea
699 1010 817 1081 evitet
839 1009 982 1098 omnia,
1019 1009 1181 1102 quae&
1198 1009 1301 1102 ¹innuen

285 1114 362 1204 eJ'us
387 1130 534 1205 operam
561 1104 733 1194 reddere,
773 1107 805 1179 dc
831 1107 894 1200 ipfi
918 1107 1123 1200 perniciem
1149 1108 1301 1178 accelero

311 1211 426 1310 offint.
477 1207 575 1279 Hinc
603 1227 633 1277 1.
647 1206 833 1278 'Libidinem
851 1219 1002 1294 caveat,
1029 1204 1184 1299 corpori
1202 1202 1297 1278 nonio

282 1235 357 1384 ium
379 1307 436 1380 sed
457 1305 601 1390 eninm,
627 1304 712 1395 quin
731 1303 765 1374 δι
783 1303 870 1374 vitae
888 1302 1179 1376 inimicillrmarn.
1225 1301 1295 1374 tus

282 1409 399 1506 fugiat
429 1410 567 1476 alienum
594 1423 640 1472 eo
674 1400 888 1490 sollicitius,
933 1401 1032 1493 quod
1069 1401 1160 1474 inde
1190 1418 1294 1490 euterpe

283 1529 323 1582 re
348 1507 384 1578 in
413 1500 545 1574 exteris
578 1499 682 1570 terris
708 1521 890 1591 nunquam
917 1520 994 1571 non
1019 1497 1061 1571 srt
1085 1497 1301 1571 diffieillbnun

285 1633 318 1698 3.
344 1603 487 1676 Froudes
507 1597 603 1668 vitet
627 1597 908 1690 diligentiffime,
944 1617 1053 1690 quum
1076 1595 1206 1668 virtuti
1223 1594 1301 1666 itte·

283 1701 381 1776 ritati
407 1698 486 1770 suus
511 1694 647 1786 semper
670 1694 812 1767 constet
832 1696 964 1768 honos.
1015 1717 1050 1783 4.
1081 1697 1301 1772 Politicnuun

284 1820 389 1892 quam
402 1797 563 1891 sermones
588 1792 774 1879 conserat,
806 1791 987 1886 solamque
1011 1792 1076 1866 fibi
1096 1785 1299 1885 magistrun,

284 1899 386 1989 cujus
419 1893 456 1964 in
480 1891 632 1985 regione
656 1889 837 1976 versatur,
870 1891 1019 1983 parendi
1049 1911 1176 1963 curam
1196 1885 1299 1962 erlino

283 1991 499 2067 derelictam.
557 1989 594 2078 5.
624 1991 785 2081 Religioni
812 2009 960 2078 eorum,
1002 1989 1214 2082 quibuscum
1238 1979 1294 2052 ti'

210 2149 214 2156 .
283 2105 366 2180 tur,
392 2103 528 2163 temere
549 2086 723 2178 obloqui,
752 2107 826 2156 rem
849 2099 954 2178 putet
975 2089 1077 2158 aleae
1097 2081 1271 2180 plenillrnr

285 2191 385 2293 Quin
414 2189 446 2262 &
481 2191 514 2259 6.
542 2207 690 2270 auream,
716 2183 845 2274 'prouti
875 2184 998 2257 dixere
1024 2199 1173 2257 ueteres
1197 2181 1269 2254 Dlael

283 2284 544 2384 diligentissime
568 2283 687 2368 colat,
715 2279 849 2373 libique
871 2295 1071 2374 temperet,
1106 2280 1169 2354 ubi
1193 2255 1301 2350 intell

283 2393 358 2466 cias
376 2383 545 2458 inciderit
557 2379 671 2473 gustui
690 2400 794 2470 quarn
811 2377 952 2452 sanitati
967 2373 1161 2475 probiores,
1186 2373 1300 2448 vinclo·

283 2508 377 2584 quor
398 2479 648 2578 exquisitiora,
675 2475 858 2548 frullus&
878 2478 1064 2550 innumera
1089 2478 1180 2564 alia;
1215 2471 1300 2545 Inter·

282 2589 411 2664 norom
438 2578 580 2650 Caloris
608 2576 685 2654 vim
710 2573 942 2668 Frigorisque
971 2576 1086 2671 fugiat
1116 2575 1151 2647 ἃ
1181 2567 1300 2646 vellbul

283 2684 400 2780 probe
426 2687 556 2747 arceat.
631 2696 666 2766 7.
695 2671 867 2764 Denique
892 2674 1005 2769 Lusus
1030 2673 1127 2746 vitet
1153 2669 1300 2744 neolonrs.

283 2799 399 2872 angue
422 2774 525 2865 pejus
543 2771 577 2842 dt
597 2793 709 2859 cane,
736 2792 866 2861 quum,
893 2771 991 2864 quod
1009 2771 1175 2864 plurimis
1195 2753 1300 2866 accidui

282 2879 316 2951 se
338 2874 409 2948 lida
432 2867 579 2942 testatur
597 2868 844 2961 experientia,
872 2867 909 2941 in
932 2891 1043 2962 opum
1065 2868 1201 2941 &vitae
1217 2857 1300 2934 discru

280 2997 364 3050 rnen
384 2968 488 3044 facile
505 2966 701 3056 inducant,
728 2967 761 3038 dc
779 2987 860 3038 cum
877 2967 1052 3060 temporis
1069 2969 1150 3039 aliis
1165 2959 1232 3038 insu

281 3075 316 3152 di
335 3065 492 3167 negotiis
510 3064 644 3158 lactura
660 3086 844 3156 nunquam
863 3085 940 3139 non
961 3064 1028 3140 lint
1046 3059 1237 3160 conjunlli.

734 3247 767 3334 §-
818 3240 885 3316 lu.

376 3363 418 3436 Id
440 3377 532 3433 vero
561 3355 742 3450 precipue
767 3369 849 3448 egat
875 3352 1035 3454 Noster,
1074 3369 1116 3428 ut
1139 3351 1199 3429 nili
1221 3335 1298 3444 solitil

278 3464 438 3557 Historiae
455 3460 634 3531 Naturalis
659 3452 873 3546 cognitione
900 3451 1196 3534 instruliiliinrus,
1226 3435 1299 3549 δρῶ·

201 3587 204 3594 “
278 3557 406 3656 ligeriti
425 3556 535 3630 oculo
552 3550 708 3625 lustratis
728 3550 856 3623 natalis
876 3550 940 3623 soli
963 3555 1155 3642 regionibus,
1181 3546 1299 3619 lauru

277 3680 356 3738 non
372 3654 572 3744 relinquat,
597 3671 643 3722 nc
659 3670 807 3739 equam,
832 3647 929 3740 quod
946 3649 1060 3738 aiunt,
1087 3663 1183 3722 trans
1197 3641 1299 3716 flumen

279 3769 434 3850 querat,
462 3748 605 3840 &apud
629 3760 775 3819 exteros
791 3767 832 3818 ea
853 3745 1056 3818 addiscendi
1073 3747 1184 3842 gratia
1200 3737 1299 3812 suullll

276 3865 426 3948 eroget,
452 3869 529 3940 quae
554 3844 652 3918 dorni
676 3841 743 3915 suae
769 3845 829 3915 vel
851 3844 961 3938 gratis
984 3842 1171 3918 hauriendi
1191 3824 1297 3934 occelli

275 3943 358 4031 uon
376 3943 541 4024 deluerit.
591 3941 836 4018 Beuc'secum
860 3941 978 4019 allum
998 3939 1108 4037 sciat,
1133 3919 1295 4102 inoffi
