2630 4776
266 231 314 332 ue
392 339 394 346 X
634 215 953 309 auxuuurumi

348 403 489 509 'speeies
513 395 604 508 auid,
691 411 799 496 unica
833 423 973 484 tantum
1008 407 1120 481 noble
1148 407 1305 496 uetant

266 525 359 586 ver'o
380 511 468 606 legit
486 510 541 586 D:
554 510 603 584 D.
665 511 809 598 ΘΒΜ,Ι
829 511 971 595 Dauus,
1001 504 1101 580 hisce
1114 505 1236 578 diebus
1248 505 1305 598 lpe·

268 611 361 683 clem
388 607 535 680 vasculo
560 609 723 701 oblongo
750 607 808 679 seu
839 604 1071 699 cylindrico,
1108 603 1217 695 duplo
1242 603 1305 676 lou·

266 708 391 804 glore,
415 705 482 779 vix
502 708 613 779 latere
639 706 754 777 altero
777 703 909 798 plane,
933 725 1004 776 uec
1030 701 1305 774 membranaceo:

266 825 343 879 non
371 816 492 877 tamen
519 803 625 876 facile
657 801 796 892 dicam,
835 824 921 876 uum
950 820 1023 896 pro
1055 801 1230 872 varietate
1258 797 1305 868 uel

268 899 430 980 distinete
454 900 572 998 specie
595 899 760 1009 habenda
780 901 834 975 sut.

710 1101 745 1190 §-
795 1094 883 1170 uu.
981 1053 986 1061 “

529 1188 533 1316 [
643 1236 947 1332 Nouam

371 1381 620 1440 auxuauumur
646 1362 870 1438 Buxlaumz'us
896 1360 969 1454 ipse
993 1381 1133 1436 nomeu
1156 1355 1234 1430 huic
1253 1353 1300 1426 lu·

267 1485 408 1564 ponere
435 1461 667 1549 decreverat,
702 1460 766 1534 uisu
799 1457 911 1555 ipsum
936 1459 970 1532 se
1000 1460 1200 1536 honorare,
1217 1467 1300 1542 turpe

268 1561 431 1638 duxiss‘et.
495 1577 698 1631 auttauus
737 1559 872 1651 primus
906 1557 1031 1649 itaque
1068 1548 1297 1630 Buxbaumiam

269 1658 490 1754 appellavit,
525 1678 572 1729 ne
597 1677 835 1732 nuxaauurro
869 1655 955 1748 quid
987 1654 1231 1726 detraheretur
1250 1645 1299 1718 bu·

269 1757 393 1838 noris,
419 1755 520 1846 cujus
536 1765 655 1824 tamen
669 1753 852 1830 recordari
880 1774 948 1853 nos
969 1751 1078 1824 decet
1100 1752 1149 1822 ob
1172 1744 1299 1848 amplum

269 1856 305 1928 δι
328 1851 471 1925 difficile
492 1849 670 1923 orientale
691 1849 781 1942 iter,
810 1872 883 1944 quo
899 1852 1029 1923 multas
1048 1871 1167 1922 novas
1188 1843 1299 1914 deteut

268 1954 432 2048 plantas,
457 1946 620 2040 quamvis
643 1949 889 2041 perfuustorie
906 1949 1099 2041 plerasque
1118 1944 1192 2019 suas
1212 1933 1298 2050 absol·

269 2048 368 2122 verit
392 2047 425 2119 δι
449 2049 683 2119 Buxbuumium
709 2049 887 2141 aphyllam
916 2044 1061 2117 fecerit:
1123 2045 1299 2122 Busirem

270 2150 392 2240 itaque
415 2141 616 2217 dIstlntlum
635 2143 677 2215 fit
692 2143 786 2219 inter
807 2143 947 2222 muscos
966 2164 1103 2239 genus,
1134 2139 1168 2213 ἃ
1191 2147 1296 2212 nomen

272 2264 510 2332 auxeauutu
529 2247 683 2337 aplestia.

702 2383 736 2470 §.
786 2375 891 2453 VIII.

557 2511 1042 2592 CONCLUSIO.

363 2630 572 2706 Utilitatem
595 2633 742 2708 musci-a
758 2637 869 2722 nobis¹
883 2637 1052 2731 descripti
1071 2659 1118 2712 ue
1140 2629 1228 2729 apud
1246 2643 1298 2734 110}

271 2750 406 2824 quaeras
436 2731 551 2806 Leilur
585 2736 748 2806 benevole:
787 2733 971 2808 admireris
1003 2735 1130 2828 potius
1162 2723 1298 2826 opuscul!

269 2843 342 2900 tam
361 2827 464 2920 parvi
483 2827 690 2902 structuram
706 2830 975 2922 miraculosam,
1004 2853 1024 2904 a
1048 2852 1186 2908 summo
1206 2841 1297 2928 aaut·

270 2947 359 3000 utet
378 2947 453 2998 non
473 2925 600 2998 frustra
617 2926 755 3000 faciam.
807 2927 1057 3023 Integritatem
1085 2927 1232 3024 partium
1252 2919 1298 2990 lut

268 3045 369 3117 aeque
397 3023 557 3117 deteges,
579 3036 686 3117 atque
708 3026 745 3101 iu
767 3027 915 3120 majoris
936 3027 1136 3101 voluminis
1150 3021 1300 3122 &forme

267 3119 545 3216 perfemoribus
575 3124 760 3196 creaturis.
811 3123 925 3219 Leges
946 3121 1224 3199 matrimoniales
1251 3113 1297 3184 hle

267 3220 442 3294 celebrari
466 3213 622 3292 videbis.
672 3219 844 3314 Inspicias
874 3222 985 3294 modo
1014 3226 1195 3322 Capitulum
1218 3210 1296 3287 mire

266 3315 469 3406 structura,
496 3317 676 3411 turgidum
707 3319 902 3393 ventriculi
926 3319 1060 3411 instar,
1096 3319 1132 3391 in
1161 3318 1229 3388 llnu
1247 3305 1296 3380 loe·

266 3425 343 3488 tum
364 3413 514 3486 fovens:
540 3435 586 3486 ne
605 3429 730 3508 pereat
753 3417 925 3510 embry0‚
951 3440 999 3491 ne
1016 3417 1238 3509 extinguetur
1256 3399 1298 3474 tel

180 3535 198 3574 ο
266 3532 332 3585 ner
355 3509 684 3604 fruutlussaquam,
708 3515 877 3586 a'e‘rem&
898 3515 1007 3588 solem
1031 3493 1297 3591 veliementer&

265 3606 510 3696 manifestius,
537 3631 643 3702 quam
664 3610 761 3683 forte
782 3612 894 3686 ullum
912 3613 1007 3685 aliud
1021 3607 1230 3706 vegetabile,
1248 3613 1296 3667 el·

265 3704 378 3801 petit:
409 3704 459 3776 ita
484 3721 526 3777 ut
541 3705 682 3784 diversa
705 3709 884 3784 elementa
910 3708 1040 3803 iuuetis
1067 3703 1207 3781 auxiliis
1226 3711 1296 3792 com

262 3801 463 3876 servationi
486 3805 562 3896 ejus
582 3803 791 3878 inserviant.
842 3807 1001 3898 Oquam
1023 3799 1220 3880 admiranda
1233 3791 1295 3891 lunt

269 3903 377 3999 Opera
392 3899 596 4026 ¹DIVINA
605 3955 619 4002 ,
649 3924 755 3997 quam
780 3902 974 4002 stupenda:
1004 3899 1195 3982 eminitnis
1214 3899 1294 4048 aelgg
