2626 4804
237 239 471 346 {LANTAE‘
493 241 812 346 RNCTORJAE·
987 279 1056 374 sar

29 423 119 519 parati
147 423 268 507 adfimt
331 429 443 506 lictis⁴
463 449 550 528 ergo
582 429 667 504 heic
694 450 807 524 opera
834 449 882 504 eo
913 431 1057 516 demum

32 523 120 616 redit,
140 540 182 598 ut
202 519 315 626 panni
340 524 511 624 &cetera
534 551 611 622 quae
635 529 846 626 albicabumt
867 527 1055 630 intentius,

33 617 219 714 Sapouaceis
246 638 302 698 ter
348 639 432 722 ntur
454 617 551 700 redle
576 623 611 698 u
634 620 837 702 abluantur.
1017 617 1037 631 ”

103 714 223 798 Viridis
251 745 297 798 co
313 745 357 798 or
381 722 455 816 est,
480 721 542 818 qui
568 721 758 808 oculorum
779 721 894 804 aciem
920 723 1053 822 potilli·

31 835 99 890 mua
116 821 345 910 corroborat,
372 819 674 916 quemadmodum
682 819 824 908 Luctus,
840 821 948 898 radiis
964 849 1053 922 prae·

26 909 116 990 sertim
144 913 401 994 accedentibus
430 913 625 1008 solaribus,
661 917 898 1012 inspectantes
930 937 1051 1008 vexat.

22 1007 126 1088 ilarius
144 1014 204 1088 ille
220 1015 412 1096 adhibetur
427 1017 533 1092 color
547 1017 585 1090 ia
603 1029 679 1090 arte
699 1016 883 1108 cinctoria,
900 1020 1053 1116 &parce
1211 1065 1218 1076 ·

22 1107 188 1186 admodum
211 1135 232 1186 e
253 1113 385 1210 Regum
409 1109 617 1210 vegetabili
645 1115 810 1204 elicitur,
838 1129 1053 1214 quamquam

22 1201 136 1300 herba,
162 1224 304 1286 tantum
321 1233 555 1299 mom-ommes,
582 1206 676 1286 illius
694 1211 811 1308 specle
827 1207 1050 1314 superbiuot.

21 1295 93 1378 Eum
112 1329 219 1406 ergo,
253 1323 360 1384 antea
380 1303 672 1400 armorumue,
707 1329 729 1381 e
749 1309 833 1386 later
852 1313 897 1398 ἃ
918 1321 1054 1394 cerulea

21 1406 181 1491 permixtis
211 1403 417 1484 conficiunt
441 1408 528 1482 artis
554 1399 723 1503 magistri.

98 1499 249 1579 Colores
270 1511 399 1582 cerulei
418 1505 597 1602 indigenis
615 1529 635 1578 e
653 1502 787 1600 plantis
805 1503 913 1580 uobis
936 1508 1052 1584 rarius

23 1617 271 1770 d‘lsslmfltu‘r
300 1599 397 1678 unde
421 1601 499 1679 fere
521 1624 648 1678 ommes
675 1625 721 1678 ex
747 1597 907 1682 advetlic
929 1599 1086 1702 legen-³

39 1717 47 1764 l
78 1713 149 1780 unt.
896 1775 901 1787 ,

92 1795 366 1894 Speciofiffimus
382 1802 478 1872 ruder
496 1797 601 1872 color
610 1799 732 1872 oculis
753 1799 873 1899 placet
893 1797 1051 1878 maxime

19 1910 134 1970 amomo
169 1895 372 1992 splendore.
435 1894 614 1971 intentior
647 1897 810 1972 redditur
837 1901 1051 2000 plerumque
1090 1983 1093 1993 ,

19 1989 153 2068 admixto
179 1991 298 2068 acido.

90 2091 262 2168 Colorem
285 2099 321 2166 n·
424 2143 436 2180 ,
460 2107 534 2186 quo
551 2089 655 2166 lanea
675 2087 842 2166 imbuunt
858 2089 1048 2190 tinctores,

20 2183 124 2286 llogmo
149 2115 467 2288 vegembfflud
497 2194 685 2284 receptum
712 2189 897 2283 refer-unm
928 2187 987 2264 sed
1008 2193 1050 2270 in

23 2283 91 2364 ime
118 2283 217 2366 usum
251 2301 431 2384 coguntur
464 2285 705 2362 necessariae
735 2307 860 2384 regno·
879 2285 1048 2383 Lapideo

21 2401 114 2472 petere
135 2387 364 2482 adjumenta,
389 2381 574 2486 Martialia
596 2385 798 2480 precipue,
824 2387 902 2478 quae'
925 2397 1048 2472 tarnem

19 2483 102 2558 ruiis
130 2481 345 2579 plerumque
377 2477 507 2555 additis
538 2479 706 2577 stypticis
734 2483 767 2556 dc
795 2481 1047 2579 adstringenti-

17 2575 66 2652 bus
85 2581 361 2679 vegetabilibus,
384 2577 564 2672 idonea&
582 2578 741 2654 efficacia
759 2581 860 2654 reddi
881 2594 1047 2675 oportet.

14 2671 134 2754 Pennus
166 2677 321 2792 quilibet
350 2681 385 2753 ni
432 2681 552 2752 icante
579 2675 711 2752 fortius
743 2677 871 2752 colore
898 2679 1045 2773 perium,-

14 2772 149 2868 deodus,
177 2797 215 2852 rm
234 2777 382 2872 quoqui
410 2795 465 2850 em
479 2775 542 2850 fita
557 2773 609 2850 est
619 2777 819 2872 elegantia,
843 2795 926 2850 mam
940 2775 1052 2852 decet
1213 2815 1220 2832 =

12 2869 232 2949 &tetraonee
257 2874 335 2948 suus
357 2871 678 2948 mitor&absoluta
700 2873 874 2972 nigredo,
904 2875 978 2950 alio
1004 2887 1048 2950 ut

10 2969 182 3066 plurimum
203 2969 396 3062 imbuatur
425 2969 552 3046 colore
586 2969 725 3044 mecelle
759 2967 820 3045 est.
887 2969 1047 3048 Additur

11 3079 135 3162 quoque
166 3068 211 3144 ad
243 3069 383 3166 nigrum
416 3063 675 3161 perficiendum
708 3069 872 3152 colorem
909 3067 1045 3142 frudlua

11 3161 129 3260 Caplrci
145 3173 264 3256 merui,
287 3181 329 3240 ut
343 3165 511 3240 tenacior
525 3163 686 3260 infideat,
709 3165 777 3241 &e
801 3185 880 3260 quae
896 3163 1045 3260 quidem

10 3281 73 3338 mea
94 3287 190 3344 mune
215 3285 293 3342 non
316 3263 455 3342 fecero.

282 3451 745 3536 MONAN'DRIA.

9 3613 34 3669 r.
60 3593 313 3676 curcurim
337 3602 430 3694 targa
452 3599 496 3688 &l
513 3597 673 3690 rariora,
702 3593 763 3694 Sp.
782 3593 877 3694 pla.
907 3591 1041 3693 (wa
1203 3634 1207 3647 ‹

44 3693 354 3872 mammis
374 3789 707 3886 IndiaelOriemtalis
754 3787 842 3868 fera.

43 3889 155 3966 Radix
177 3818 417 4002 {uteo‚,tingit
441 3891 568 3969 colore
588 3890 691 3967 uberi
714 3841 773 3968 led
794 3885 926 4000 fugaci.

90 4035 245 4148 rom
573 4025 608 4109 X
819 4019 825 4024 ’
893 4023 1043 4140 ΒΙᾼΝ·

1022 4159 1042 4254 Ι

194 4443 210 4490 ae
