2714 4768
278 269 327 347 38
558 249 705 332 PANIS
736 251 1074 340 DIAETETICUS.

278 550 313 594 »⁶
374 531 673 628 Meumquidem
703 540 928 632 propoiltum
954 559 1031 612 non
1060 537 1112 612 est
1139 535 1316 632 process‘
1331 574 1357 603 m

272 632 439 728 panificii
475 633 743 726 determinare,
786 635 884 728 quod
914 635 1110 731 pistoribus
1146 637 1346 730 relinquo

273 731 334 806 sed
357 735 539 826 praecipua
567 744 707 805 tantum
733 735 859 826 paucis
874 735 1109 828 conplectar.
1161 731 1221 807 Ut
1241 736 1347 827 pani

273 831 415 920 bonus,
446 828 586 924 sapidus
606 828 641 900 dt
662 829 809 905 salubris
831 833 991 923 evadat,
1019 831 1152 906 semina
1175 832 1312 905 aliena
1346 838 1357 891 Ι

272 923 464 1022 peregrina
486 928 641 1020 primum
658 929 780 1002 cribro
804 928 998 1022 separanda
1020 929 1054 1002 &
1076 931 1198 1028 puluis
1221 949 1357 1023 pron

272 1026 543 1116 removendus,
568 1025 695 1118 postea
710 1029 930 1101 frumentum
946 1029 1266 1108 torrefaciendum
1293 1027 1320 1100 s
1332 1058 1349 1085 ι

273 1120 423 1198 catoriis
454 1137 517 1198 aut
544 1123 718 1218 fornace,
756 1125 901 1198 tandem
933 1125 977 1198 ad
1008 1128 1142 1200 molam
1173 1125 1319 1198 defere

272 1222 378 1310 dum,
407 1236 448 1295 ut
474 1222 512 1294 in
541 1221 694 1295 farinam
726 1223 1007 1298 comminuatur.
1057 1223 1119 1298 Fit
1143 1224 1221 1297 hoc
1251 1245 1355 1316 apu·

271 1319 449 1392 nostrates
468 1319 665 1406 trifariam3
693 1321 928 1412 excretione,
952 1319 1226 1417 purgatione&
1244 1341 1344 1394 com

270 1417 477 1490 molitione.
529 1414 572 1489 ln
589 1417 776 1510 prioribus
793 1413 928 1494 casibus
947 1420 1167 1492 frumentum
1183 1417 1338 1492 molitu

268 1537 348 1600 non
381 1514 635 1616 torrefactum,
674 1516 861 1612 postremo
895 1520 1108 1614 plerumque
1140 1516 1339 1592 torridum

255 1605 384 1694 ,Molae
407 1609 620 1687 excretoriae
645 1610 902 1697 floresfatinae
922 1638 942 1688 a
959 1613 1100 1704 furfure
1117 1604 1270 1710 prorsus
1295 1614 1338 1686 se

295 1707 417 1801 arant,
446 1709 542 1786 unde
567 1711 683 1786 farina
709 1711 831 1808 existit
858 1713 1021 1808 optima,
1047 1709 1203 1805 indeque
1234 1711 1357 1805 pani

267 1733 388 1908 Bonus
406 1807 439 1879 &
455 1803 615 1908 salubris.
666 1804 845 1904 Purgatio
857 1823 979 1888 autem
1001 1807 1064 1900 fit,
1089 1807 1239 1904 quando
1264 1832 1339 1882 mo

267 1895 303 1978 la
325 1901 377 1978 ita
398 1897 586 2000 dirigitur,
615 1919 657 1978 ut
675 1921 839 2004 extrema
866 1929 1062 2002 granorum
1085 1905 1119 1979 b
1145 1907 1344 2002 putamin

266 2006 450 2100 precipue
465 2027 491 2088 ya
512 2005 622 2098 pulpa
649 2003 901 2098 secernantur,
932 2028 1032 2100 quae,
1062 2003 1185 2081 cribro
1207 2002 1272 2078 his
1297 2003 1338 2078 se

265 2101 399 2200 motis,
425 2101 555 2182 deinde
578 2101 618 2176 in
644 2103 798 2200 farinam
819 2105 1036 2199 conteritur.
1089 2100 1344 2198 Commoliti

266 2213 387 2275 autem
404 2199 560 2290 dicitur,
585 2200 647 2276 ubi
664 2201 780 2279 furfur
798 2223 877 2276 non
902 2199 1107 2297 separatur,
1135 2199 1238 2294 quod
1257 2223 1353 2276 mo-

264 2299 363 2372 lendi
381 2321 493 2396 genus
507 2383 513 2392 ⁸
520 2295 618 2392 plebi
641 2298 857 2383 nostratium
873 2295 923 2370 est
943 2295 1210 2375 usrtatillrmum.
1256 2298 1354 2372 .Ce-

266 2410 383 2470 terum
408 2393 453 2466 ad
479 2393 640 2487 indolem
663 2394 828 2490 lapidum
847 2396 1039 2473 molarium
1057 2393 1253 2470 attendere
1280 2397 1355 2472 de·

264 2491 404 2569 bemus.
457 2491 616 2572 Multum
637 2491 677 2590 in
693 2491 896 2588 eopeccari
921 2515 1031 2588 uerno
1047 2493 1202 2588 ignorat,
1233 2495 1353 2588 quod

264 2591 401 2690 lapides
419 2589 575 2667 molares
590 2588 771 2664 sumantur
785 2612 805 2684 a
820 2589 915 2677 Cote
938 2593 1093 2685 Saruistcn
1111 2589 1231 2686 (Sufi.
1243 2595 1350 2668 Nat.

258 2712 297 2790 p.
314 2711 393 2782 147.
430 2689 500 2784 No,
516 2679 579 2779 4)
611 2689 706 2762 unde
737 2687 845 2766 facile
876 2702 1079 2770 atteruntur
1103 2686 1351 2784 &quotidie

262 2775 441 2884 acuuntur
464 2773 713 2880 ferramentis,
746 2777 942 2882 ubilapilli
962 2785 1085 2858 detriti
1110 2780 1239 2860 farinae
1269 2789 1351 2862 mi·

261 2887 426 2978 scentur,
448 2883 487 2968 ,δε
506 2882 611 2978 panis
625 2884 710 2956 inde
728 2897 946 2978 praeparatus
970 2905 1050 2957 cum
1068 2877 1223 2980 stridore
1240 2883 1348 2962 den·

261 2985 354 3078 tium
369 2979 628 3071 manducatur,
654 2981 753 3074 quod
770 2981 806 3054 in
822 2979 937 3074 uariis
953 2979 1156 3074 provinciis
1174 2979 1347 3080 uostris,

245 3080 320 3158 ‘sed
338 3067 492 3154 mairime
511 3067 554 3152 a‘d
576 3075 757 3152 officinam
782 3079 884 3172 cupri
914 3068 1029 3150 Roris
1054 3077 1092 3151 in
1114 3069 1348 3180 Norvegia,

261 3180 491 3268 obseruatum
527 3177 589 3253 est.
650 3175 832 3274 Effedlus,
861 3174 944 3247 inde
977 3153 1213 3264 metuendus,
1246 3201 1348 3270 per.

260 3275 395 3353 celebri
421 3273 706 3362 obseruatione,
739 3273 837 3345 anno
868 3291 983 3364 1737,
1024 3271 1186 3346 Harlemi
1213 3273 1346 3374 rasta,

258 3378 462 3451 luculenter
498 3385 610 3465 patet.
690 3367 852 3443 Celebris
888 3367 1129 3443 Novellarum
1163 3367 1348 3465 scriptor

259 3473 477 3546 uentriculo
491 3469 683 3542 debilitato
705 3468 739 3540 dt
761 3467 871 3540 acido
891 3465 1092 3561 spontaneo
1117 3467 1343 3548 laborabat.

260 3568 453 3644 Incraiium
471 3568 620 3652 tentatis
643 3565 723 3639 aliis
741 3565 934 3657 remediis,
958 3566 1210 3638 monebatura
1231 3589 1346 3658 quoa

259 3669 377 3763 piam,
402 3681 444 3737 ut
464 3667 607 3738 arenam
631 3661 964 3738 fitbtilcmsubinde
988 3661 1198 3752 affirmeret,
1227 3683 1343 3758 quae,

257 3765 368 3842 instar
388 3763 497 3836 sabuli
516 3763 553 3836 in
573 3761 782 3855 uentriculo
797 3759 997 3836 musculoso
1013 3759 1167 3854 gallinae,
1193 3753 1342 3842 ciblurt

256 3865 448 3960 digereret.
500 3856 696 3933 Abinitio
726 3857 870 3951 quidem
898 3857 989 3930 ideo
1016 3857 1160 3928 felicem
1187 3875 1341 3950 exper-

256 3977 327 4053 tus.
341 3960 391 4042 est
413 3957 624 4050 succciium,
647 3969 689 4030 ut
709 3975 838 4065 magna
862 3975 944 4030 cum
965 3953 1071 4030 laude
1097 3953 1171 4030 lioe
1194 3953 1346 4066 Media

392 4098 397 4109 -
799 4060 801 4079 '
1225 4073 1337 4130 crnae
