2630 4776
257 277 328 349 126
545 265 742 346 CULINA
775 267 1017 348 MUTATA.

252 453 346 540 fuit,
383 465 553 546 quantum
580 452 730 526 eandem
756 451 913 526 Lactuca
943 453 1145 528 suffocaret„
1207 453 1315 530 Und

250 550 414 623 Martiali
442 551 596 642 dicitur,
628 575 771 623 uenerem
800 575 952 623 reuocant
982 554 1096 625 Erucu
1122 572 1278 626 morant
1313 602 1315 615 ‹

251 649 331 744 Jam
359 671 448 721 vcro
478 651 527 719 ita
558 649 595 721 in
624 648 892 720 desuetudinem
914 652 1040 740 venit,
1071 665 1112 722 ut
1134 653 1174 724 in
1211 655 1315 724 null«

250 748 384 821 seratur
405 749 535 834 lrurt0,
565 747 622 818 sed
645 749 722 838 ejus
746 747 832 818 loco
851 746 1017 820 sumimus
1041 749 1194 821 herbam
1215 767 1310 822 vete

249 867 329 919 rum
349 845 478 918 culinis
502 839 704 932 insolitam,
729 867 860 936 nempe
878 844 1242 920 NASTURTIUM
1263 847 1295 920 se

248 943 427 1038 Lepidr'um
441 945 610 1037 solioum,
645 944 746 1033 cujus
776 941 865 1014 solia
891 943 1034 1015 laducae
1064 945 1312 1039 adjungimus,

247 1042 310 1113 vel
332 1041 438 1112 etiarn
459 1040 547 1112 folia
565 1040 747 1132 Artemifiae
769 1041 995 1124 Dracontius,
1022 1041 1143 1134 priscis
1168 1066 1225 1115 ne
1247 1063 1312 1116 no·

246 1141 345 1214 mine
375 1139 516 1230 quidem
547 1151 656 1210 notae.
709 1138 813 1210 Folia
843 1139 936 1210 enim
968 1137 1092 1210 Erueae
1123 1141 1313 1214 hircinum

246 1240 323 1312 fere
358 1232 508 1308 odorem
536 1236 692 1326 habent,
722 1233 872 1327 suntque
905 1236 947 1308 ad
975 1235 1205 1330 superficiem
1237 1237 1314 1311 fere

245 1335 389 1424 scabra,
424 1349 532 1425 atque
562 1333 654 1405 adeo
683 1332 831 1406 adrem
860 1334 1071 1408 culinariam
1099 1338 1227 1412 multo
1259 1337 1314 1410 in·

245 1433 390 1529 eptiora
412 1432 512 1505 soliis
534 1429 713 1505 Nasturtii
737 1431 947 1506 nominatis.

693 1595 727 1680 q.
776 1586 856 1660 xn.

341 1701 508 1781 Amuli
524 1719 690 1780 veterum
716 1707 811 1779 idem
833 1706 905 1798 est,
931 1709 1029 1802 quod
1045 1709 1221 1783 Botanici
1244 1731 1310 1785 vo·

243 1819 329 1883 cant
349 1806 485 1899 Apium
508 1807 761 1900 Petroseliuum,
788 1805 885 1898 quod
907 1806 1002 1880 suam
1020 1808 1134 1880 adhuc
1152 1808 1194 1880 in
1219 1810 1310 1882 culi·

242 1930 291 1982 na
310 1903 445 1978 retinet
468 1902 719 1996 praestantiam.
769 1901 846 1974 Sed
858 1905 962 1997 hujus
984 1907 1112 1999 speciei
1135 1905 1212 1978 alia
1235 1908 1307 1999 jam

242 2015 370 2100 regnat
405 2001 585 2090 varietas,
623 2001 750 2096 Apsum
778 2023 908 2094 nempe
940 2007 1079 2099 lomense
1108 2002 1305 2094 latifolium,

241 2109 382 2178 maximo
404 2098 577 2196 truffiffimo
595 2101 692 2190 suavi
708 2102 751 2185 ὅ
767 2103 855 2172 dulci
871 2105 987 2174 radice.
1039 2105 1144 2176 Boerlr.
1167 2103 1300 2196 lugdl.

235 2219 273 2300 p.
293 2211 352 2291 58.
389 2191 665 2293 (Ru-perfilju)
698 2219 774 2289 quae
806 2197 932 2270 nostro
962 2199 1104 2291 quidem
1131 2213 1304 2294 tempore

241 2315 345 2387 orta,
378 2295 436 2368 scd
470 2318 539 2387 qua
564 2295 742 2388 originem
771 2310 891 2369 tamen
916 2296 986 2368 huc
1014 2320 1128 2390 usque
1155 2297 1305 2394 ignota,

240 2417 340 2487 aeque
366 2415 406 2464 ac
428 2403 556 2463 ceterae
585 2393 780 2465 varietates
809 2416 927 2467 rerum
950 2396 1236 2484 culinariarum‚
1266 2411 1308 2468 ut

238 2491 464 2568 Foeniculum
495 2486 703 2578 fasciatum,
735 2491 824 2564 Beta
852 2491 972 2566 radice
1003 2515 1118 2586 rapa,
1147 2493 1308 2568 Brallica

239 2590 419 2674 selenisra,
452 2586 590 2678 &quae
619 2585 699 2660 sunt
733 2590 864 2681 plures.
938 2590 1065 2686 Apium
1094 2597 1306 2684 graveolerrt,

240 2683 455 2760 CELLERI
486 2683 681 2772 Italorum,
716 2689 870 2758 culinam
899 2687 1122 2778 sequioribus
1155 2702 1308 2782 tempo·

238 2786 339 2862 ribus
381 2781 555 2870 intravit,
601 2781 874 2857 condimentum
907 2798 1027 2858 tamen
1063 2787 1133 2860 cibi
1167 2789 1306 2882 magis,

237 2904 344 2978 quam
382 2880 603 2952 alimentum.
673 2881 757 2953 Hoc
789 2883 814 2956 fi
847 2883 1101 2978 cognovilsent
1134 2899 1305 2974 veteres,

236 2979 378 3078 potiori
402 2979 499 3066 iure,
524 2997 629 3069 quam
653 2979 752 3069 prius
775 2980 885 3069 illud,
909 2981 1158 3055 defunctorum
1179 2982 1306 3056 ferali·

236 3079 304 3154 bus
327 3077 444 3172 epulis
477 3072 669 3166 dicalscnt3
706 3075 778 3150 hoc
806 3078 901 3151 enim
929 3078 1107 3172 posterius
1130 3101 1178 3152 ex
1207 3095 1308 3154 tetra

171 3209 177 3223 ·
235 3181 359 3274 planta
388 3175 576 3268 aquatica,
611 3194 689 3266 quae
719 3175 860 3249 sicciori
892 3177 978 3249 loco
1008 3181 1100 3250 male
1132 3179 1306 3252 olentem

236 3275 446 3367 qualitatem
475 3273 630 3344 maxima
664 3293 710 3344 ex
738 3288 840 3364 parte
872 3275 994 3366 exuit,
1020 3277 1161 3348 meliori
1198 3279 1308 3350 cultu

235 3373 288 3446 est
307 3372 516 3462 emendata,
542 3367 600 3441 sed
617 3371 797 3443 nonnihil
818 3388 939 3446 tamen
956 3375 1111 3464 retinet,
1135 3374 1209 3448 illis
1231 3373 1307 3448 uti·

236 3491 307 3564 que
329 3471 502 3562 noxium,
530 3467 591 3562 qui
614 3465 802 3543 debilitate
824 3471 993 3546 laborant
1014 3493 1232 3548 nervorum.

674 3651 708 3741 q.
759 3647 858 3724 xnr.

330 3759 581 3854 PEPONES,
616 3763 745 3857 quibus
780 3765 990 3862 frequenter
1014 3763 1074 3840 usa
1100 3765 1171 3840 fuit
1204 3767 1305 3842 anti·

235 3863 344 3958 quior
369 3873 475 3952 atas,
502 3861 697 3936 etiamnum
716 3865 859 3954 quidem
877 3865 913 3938 in
930 3861 1201 3938 australioribus
1228 3880 1305 3940 ter·

229 3961 286 4038 ris
307 3960 572 4056 comeduntur,
601 3959 660 4035 sed
681 3961 773 4038 fattci
800 3961 993 4038 admodum
1017 3961 1119 4056 sunt,
1144 3985 1307 4134 eamqug

307 4099 314 4110 .
1247 4081 1273 4133 0
1309 4091 1312 4106 .
