2626 4804
96 263 403 344 INSTRUCTIO
433 261 893 356 PEREGRINATORIS.
947 293 1014 366 301

22 465 91 524 rtem
109 449 219 543 probe
244 446 431 536 calluerit,
472 467 554 522 cum
582 445 719 540 pistura
750 449 941 544 imaginem
964 453 1019 526 rel

21 551 103 640 nique
115 547 253 622 felicius
270 545 378 636 fistat,
397 567 501 638 quam
521 545 716 641 descriptio
737 549 796 620 vel
817 547 947 622 summa
960 571 1017 622 ac·

21 647 151 720 untione
168 642 347 718 contem.
398 645 516 718 Artem
535 644 644 736 etjam
657 647 874 742 sculptoriam
894 645 1017 740 nosse,

21 761 78 814 anto
92 743 202 816 minus
218 741 328 816 flocci
343 739 468 830 faciat,
489 757 626 834 quanto
646 743 786 816 acutius
800 744 913 818 obvia
925 765 1017 836 quar-
1076 782 1079 797 =

21 839 169 914 isintueri
190 839 301 912 debet
317 839 429 910 oculo
444 839 578 936 regulis
596 841 740 914 munito
761 841 869 928 artis,
896 865 1017 935 quam,

20 939 95 1012 nibus
116 939 185 1010 hoc
204 957 334 1010 munus
358 937 570 1030 plerumque
591 937 796 1013 demandari
824 935 936 1030 solet,
964 963 1018 1014 ar·

20 1031 138 1108 ficesut
161 1036 355 1129 plurimum
386 1055 462 1108 non
492 1033 700 1130 peritiffimi.
767 1036 936 1128 suarum,
979 1039 1019 1114 in

19 1133 69 1206 ian
81 1135 143 1224 jnm
160 1130 371 1226 conjeslus,
393 1133 552 1226 partium
571 1133 693 1226 ducat,
723 1135 760 1210 in
778 1133 903 1210 orbem
922 1135 1019 1228 quast

19 1251 100 1304 num
119 1229 312 1318 immissus,
339 1229 485 1322 omnia,
518 1251 594 1304 non
618 1247 660 1304 ut
683 1231 863 1324 stupidum
882 1235 1019 1330 vulgus,

19 1329 171 1418 insuevit,
198 1327 258 1402 sed
280 1327 330 1402 ita
347 1335 483 1414 mirari,
509 1343 551 1400 ut
567 1327 658 1402 nihil
678 1332 872 1405 oculorum
888 1332 966 1424 ejus
983 1331 1019 1404 dt

18 1427 96 1500 tentis
106 1425 258 1522 effugiat
274 1425 401 1500 aciem.
453 1428 621 1502 Naturam
638 1427 675 1502 in
691 1429 799 1502 rebus
818 1425 1025 1504 describem'

18 1521 44 1594 is
58 1523 91 1596 ita
106 1523 272 1620 effingat,
305 1535 348 1596 ut
371 1524 431 1616 qui
449 1521 643 1618 descriptas
660 1526 810 1621 legerit,
843 1547 901 1600 rea
927 1523 1018 1618 ipsit

18 1621 84 1694 tulis
100 1623 195 1716 quasi
211 1641 361 1708 cernere
382 1621 560 1697 videatur.
609 1621 639 1696 F
641 1623 743 1695 allaci
763 1635 804 1696 ut
825 1623 1019 1717 plurimum

17 1719 141 1794 renoriae
160 1727 391 1812 nequaquam
410 1718 549 1810 fidens,
579 1717 616 1794 in
638 1721 826 1812 aduersario
846 1743 954 1814 mox,
983 1721 1019 1794 dt

17 1835 49 1904 a,
67 1831 100 1888 ut
112 1815 188 1892 fieri
208 1815 329 1912 potell
347 1817 510 1906 occulte,
530 1816 663 1892 referat
679 1817 852 1911 quidquid
870 1810 932 1914 ipsa
952 1819 1018 1892 ob·

17 1923 138 1993 uratum
157 1915 291 2006 suerit,
314 1935 384 1990 nec
408 1914 508 2010 prius
531 1913 690 1990 somnum
714 1929 884 2008 capturus
904 1919 1019 1992 tettan

16 2023 90 2100 ¹utat,
111 2035 215 2107 quarn
233 2011 357 2086 omnia
376 2014 414 2086 in
429 2011 595 2086 ordinem
612 2011 754 2088 redacta
773 2013 906 2088 chartac
919 2035 1017 2090 man·

16 2111 113 2190 averit.
150 2111 247 2186 toros
259 2108 395 2204 semper
407 2111 535 2184 salutet
550 2111 785 2205 literatiffiuus,
803 2111 863 2202 qui
874 2133 920 2184 eo
930 2112 1019 2184 faci-

16 2203 90 2280 bren
107 2207 154 2282 sui
174 2205 313 2282 dabunt
329 2209 496 2302 copiam,
523 2227 596 2300 quo
611 2209 717 2283 altius
735 2208 771 2282 in
790 2208 1020 2290 scientiarum

15 2301 75 2394 lipia
88 2329 165 2382 eum
184 2305 384 2402 penetrasse
401 2303 673 2404 perpenderint,
705 2305 860 2398 indeque
879 2319 1021 2382 tantum

15 2393 179 2495 'addiscatis
196 2417 464 2500 reportaturum
480 2401 588 2492 sciat,
614 2417 787 2497 quantum
804 2405 865 2476 vel
882 2403 1019 2478 diutur-

15 2503 176 2578 anaxirne
194 2499 354 2576 aliorum
370 2495 845 2596 conversatio'nequdquam
867 2502 1018 2596 promit·

15 2613 51 2666 ue
64 2599 177 2690 poffitq
222 2615 457 2696 praeterquqm
477 2599 575 2692 quod
592 2597 677 2674 hinc
695 2601 733 2674 ln
752 2599 944 2676 itineribus
966 2600 1018 2672 di·

15 2707 49 2766 ut
64 2699 100 2768 ad
122 2701 310 2774 hominum
333 2697 478 2794 ingenia
497 2718 796 2792 quorumcunque
815 2697 897 2772 suos
918 2719 1019 2774 com·
1094 2749 1107 2758 ‚.
1164 2691 1168 2702 ’

15 2811 102 2866 onere
122 2819 267 2888 mores,
304 2795 338 2868 dt
360 2791 660 2888 quemadmodum
688 2796 804 2868 virtus
824 2794 887 2870 fibi
909 2797 1019 2874 latam

15 2887 99 2980 bique
118 2896 259 2970 muniat
282 2893 401 2982 viam,
432 2895 534 2969 laetus
554 2893 840 2982 animadvertam
876 2895 1018 2968 cautius

15 2985 75 3060 tiam
88 2993 233 3068 mercari
251 2988 419 3082 addiscit,
446 2991 480 3064 tr
500 2991 718 3082 commercia
734 2991 921 3084 aperiundi
938 2991 1021 3075 lite,

15 3085 67 3182 uia
78 3093 299 3166 occasionem
319 3082 537 3164 nanciscitur
559 3085 898 3178 commodissimam,
923 3087 1020 3168 &ea

15 3183 169 3280 diligendi,
198 3209 277 3280 quae
288 3181 433 3260 tandem
448 3208 493 3260 ex
507 3181 686 3260 senectute
700 3185 926 3276 laborantem
942 3185 1018 3258 ani·
1052 3219 1058 3233 ·

15 3297 64 3353 turn
86 3285 328 3377 jucundillima
355 3283 512 3358 afficiant
537 3283 803 3378 preteritorum
829 3281 1015 3356 memoria.

15 3373 124 3456 iuribus
137 3405 230 3457 vero
246 3381 445 3470 distraslus,
468 3401 575 3474 quum
594 3379 788 3476 quidquam
803 3377 911 3453 facile
927 3401 1018 3474 prae·

15 3477 157 3570 mittat,
185 3477 340 3556 alienum
360 3479 456 3553 forte
472 3495 549 3553 non
564 3473 695 3568 suerit,
714 3477 863 3553 brevem
881 3475 963 3552 heic
977 3477 1019 3552 sr-
1038 3571 1042 3582 Ι

15 3591 60 3644 ere
85 3578 388 3656 observandorum
418 3577 633 3664 elenchum,
670 3587 817 3669 utque
851 3593 927 3652 uno
958 3575 1022 3662 die

15 3673 183 3772 eglexerit,
209 3674 322 3752 altera
340 3693 567 3769 nequaquam
584 3673 681 3750 missa
700 3673 823 3754 faciat.
846 3723 851 3734 ·

63 3882 364 3962 ITINERARIA
400 3795 524 3980 q1§1um'
544 3899 685 3982 tantum
721 3887 798 3962 non
830 3887 1020 3962 innumera

15 3989 84 4060 beu
111 3985 273 4062 viderint
305 3986 511 4082 publicam,
554 3983 758 4084 paucillima
791 3999 932 4156 tameoh
947 4005 1019 4154 ιέοε

935 4103 1015 4156 ne·
