2700 4780
342 211 447 308 arn
470 211 809 304 nummulus.
1037 237 1108 338 ,asa
1167 149 1170 156 ¹

26 419 67 470 m
89 395 222 470 fauces
249 392 450 488 inopinatae
472 393 602 468 mortis
624 391 803 492 saepiffime
831 391 1111 470 incidissetsata

27 491 222 586 ejusmodi
248 491 404 564 dolenda
426 513 555 566 omnes
573 491 667 585 apud
689 513 760 586 nos
773 494 973 588 loquuntur
993 512 1108 586 parre-

28 592 127 680 eiae,
153 591 287 677 urbes,
317 589 421 684 pa'gi3
447 590 650 664 cavendum
677 588 835 682 ideoque
863 589 954 677 erit,
990 610 1037 662 ne
1058 588 1109 662 la·

30 689 155 764 nunes
177 688 349 762 focorum
377 687 410 759 δι
432 687 646 778 fornacum,
671 687 796 785 prunis
825 683 1106 782 flammantibus,

28 787 239 879 favillaque
269 783 430 860 nondum
460 783 648 874 obduilis,
679 782 912 875 claudamus,
940 783 987 872 sl,
1019 783 1107 856 vitae

25 881 266 973 consulturi,
309 881 579 978 Cataphomm,
616 881 909 978 Letliargurnque
946 880 1108 992 effugere
1214 967 1227 990 .

23 981 209 1060 velimus.
263 979 331 1054 Cui
351 980 389 1054 in
412 1003 577 1069 camera,
610 979 741 1053 nidore
762 979 919 1069 infesta,
946 979 1106 1052 dormire

23 1079 263 1174 contigerit,
297 1091 360 1150 aut
389 1093 546 1152 mortem
578 1093 641 1152 aut
670 1075 939 1154 intolerabilem
973 1075 1105 1187 eapitis

21 1177 231 1266 dolorem,
274 1177 478 1250 mercedem
513 1175 712 1250 oscitantiae
751 1174 818 1250 suae
859 1173 1104 1266 consequitur.
1144 1223 1148 1228 -

20 1273 329 1348 incommoda&
352 1277 466 1364 mpla,
494 1295 513 1346 e
535 1273 664 1346 nidore
691 1271 869 1363 oriunda,
888 1257 937 1344 ‘ut
960 1271 1106 1344 evitent

21 1373 198 1464 Europae
227 1371 427 1458 Orientalis
456 1371 586 1444 incolae
608 1369 642 1443 δι
668 1393 688 1444 e
712 1367 932 1464 nostratibus
962 1381 1105 1442 tantum

25 1470 260 1561 Gottlaudi‚
306 1469 452 1544 laminis
486 1469 654 1542 iocorum
691 1465 957 1560 fornacumque
989 1463 1103 1540 nullis

26 1581 202 1642 utuntur.
261 1565 537 1655 Toxlco'dendron,
566 1567 687 1640 frutex
706 1563 861 1638 maxime
883 1575 1101 1654 venenatus,

26 1665 63 1738 in
86 1665 268 1738 America
284 1665 569 1756 septentrionali
591 1663 776 1752 crescens,
803 1662 895 1738 tanti
914 1661 966 1738 est
983 1659 1103 1735 discri-

21 1763 166 1852 minis,
194 1779 254 1850 ut,
278 1761 301 1837 sr
323 1761 450 1835 ramuli
473 1763 533 1834 vel
556 1763 652 1858 ligna
675 1761 758 1858 igne
777 1759 986 1854 'improviso
1013 1779 1105 1842 con·

23 1862 239 1949 sumantur,
262 1859 441 1934 adstantes
466 1857 582 1932 odo‘re
604 1856 690 1948 scio,
715 1859 774 1931 vel
799 1855 912 1933 unico
939 1879 1103 1932 momen·

23 1975 89 2048 to,
130 1959 211 2030 vita
236 1959 367 2050 privet.
431 1955 609 2052 Lignum,
638 1981 723 2052 equa
746 1961 875 2030 vitrinli
896 1956 962 2030 diu
986 1957 1102 2030 imbu-

22 2071 133 2145 tum,
163 2055 235 2148 igni
260 2055 486 2148 impositum,
512 2055 678 2128 nidorem
696 2066 894 2147 promovet
911 2051 977 2126 vix
992 2077 1034 2128 ac
1050 2075 1099 2151 ne

23 2155 91 2226 vix
121 2153 270 2246 quidem
299 2152 539 2249 tolerandum.
606 2149 720 2226 Anno
747 2173 839 2244 ¹727
866 2151 1100 2248 Gorpenberge

23 2249 111 2328 casu
144 2250 300 2340 accidit,
331 2259 373 2324 ut
403 2272 539 2324 novem
565 2247 740 2341 fossores,
775 2269 946 2342 aquame
974 2248 1103 2324 fodina

22 2345 325 2442 Hellen-Gausapa
355 2347 468 2438 dista,
505 2345 734 2436 exhaustum,
770 2345 909 2442 lignum
948 2346 1099 2424 invene=

24 2449 126 2535 rint,
192 2467 240 2518 uo
268 2447 357 2543 igne
390 2444 565 2535 accenso,
606 2466 735 2518 omnes
768 2465 927 2540 novem,
966 2443 1099 2532 nidore

24 2545 151 2618 acerbi
192 2565 255 2616 mo
278 2545 425 2634 obruti,
460 2542 554 2616 diem
581 2542 755 2616 obierunt
783 2539 1007 2634 supremum
1037 2539 1097 2617 In-

24 2641 170 2736 speelor
204 2641 364 2732 sodinae,
404 2639 601 2714 adventum
636 2637 835 2714 eorundem
873 2639 1003 2714 frustra
1036 2663 1098 2716 ex·

26 2737 211 2830 speetans,
251 2741 296 2814 ad
324 2737 602 2832 inquirendum,
642 2757 715 2831 quo
743 2735 814 2810 sese
844 2735 1098 2830 occultaslent,
1157 2761 1161 2786 ¹
1269 2837 1283 2862 ι

29 2833 236 2928 descendit,
266 2839 432 2911 soetorem
454 2837 611 2911 sentiens
629 2835 797 2924 fatalem,
827 2835 1003 2932 pugillum
1022 2833 1098 2912 Ta·

23 2935 107 3008 baci
126 2935 338 3028 pulverisati
362 2927 498 3024 sumsrt',
526 2935 679 3008 amintam
698 2953 792 3006 vero
818 2933 919 3006 illico
944 2933 1096 3008 efflavit.

20 3031 183 3129 Lignum
206 3029 334 3108 ALNI
357 3053 484 3105 recens
509 3031 620 3126 magis
645 3031 800 3104 noxium
826 3029 864 3104 in
892 3029 976 3126 igne
1006 3031 1096 3106 hali-

21 3145 100 3204 tum
121 3129 262 3224 ·spirat,
303 3127 337 3202 &
371 3129 536 3202 nidorem
572 3125 684 3200 efficit
713 3126 933 3224 graviorem.
1000 3127 1096 3209 Foci

16 3249 141 3324 nuper
170 3225 361 3318 exstrutti,
395 3228 457 3300 vel
486 3227 596 3298 calce·
615 3223 795 3318 reparati,
822 3226 883 3298 vel
901 3223 941 3299 in
962 3226 1094 3320 quibus

18 3325 144 3420 ignis,
169 3348 233 3418 per
258 3339 376 3400 totum
402 3324 487 3398 anni
513 3323 687 3418 spatium,
714 3343 790 3396 non
817 3321 889 3396 fuit
910 3323 1095 3418 accensus,

15 3425 192 3497 nidorem
221 3422 389 3519 spargunt
425 3417 617 3514 pellimum.
680 3419 865 3495 Homines
899 3419 1095 3498 sceleratos

15 3531 151 3596 urinam
178 3519 273 3600 suam
293 3521 330 3596 ln
355 3519 449 3594 focis
469 3516 781 3606 diversoriorum,
815 3517 913 3591 inter
936 3521 1094 3617 peregri-

13 3619 203 3708 nandum,
230 3619 409 3694 interdum
427 3618 574 3692 mittere
596 3637 674 3691 non
699 3616 837 3710 pudet,
866 3615 963 3690 unde
984 3617 1095 3692 nidor

15 3717 162 3790 accensi
186 3715 263 3790 foci
297 3717 412 3792 oritur
442 3717 672 3806 teterrimus,
711 3715 814 3807 cuius
843 3713 976 3788 nefarii
1006 3713 1094 3790 sassi

13 3815 76 3892 alii
113 3812 267 3908 postea,
308 3813 436 3888 iisdem
477 3827 623 3887 utentes
656 3803 890 3902 diversoriis,
931 3812 1092 3888 maximo

12 3909 198 4009 smpissime
218 3911 306 3986 vite
325 3909 530 4012 discrimine
540 3932 681 4084 ἕξοις
706 3911 832 4004 luere,
864 3908 1094 4084 quoclegrscli

114 4055 117 4066 -
624 4030 644 4104 3
1024 4021 1093 4090 om
