2626 4804
582 214 1052 329 &ruffum

749 429 886 504 mm.

227 663 230 675 ·
455 559 1176 748 PLANTAE

280 794 1290 986 TINCTORIll

752 1077 873 1148 Quas

626 1191 993 1270 PRAESIDE

434 1335 517 1469 D.
563 1331 646 1465 D.
696 1332 858 1463 Cau.
906 1333 1188 1466 Lruuuo

712 1546 904 1640 proposuit
937 1559 942 1567 '

324 1687 923 1766 uuounuuurus
985 1664 1264 1786 Joarrs

445 1845 448 1854 .
601 1805 1020 1883 bubula-Gotboburgeullr.

539 1927 681 2024 Upsalioe
717 1950 820 2024 1759.
902 1927 996 2024 Moji
1025 1931 1081 2002 16,

281 2105 672 2136 mun-n·—
1118 2099 1290 2131 aa*

738 2252 772 2341 s.
835 2245 865 2322 1.

269 2342 610 2632 Excellentes
590 2416 677 2492 illas
700 2415 762 2490 ubi
778 2415 991 2493 meditamur
1013 2417 1219 2502 facultates,
1240 2401 1289 2499 qui

410 2518 475 2589 bus
499 2515 651 2588 Creator
669 2514 841 2608 Optimus
865 2515 1073 2603 hominem,
1098 2527 1227 2588 natura
1249 2501 1289 2576 ul

405 2616 580 2703 racalum,
601 2613 780 2702 instruxit,
805 2611 884 2686 fieri
902 2635 977 2687 non
993 2566 1135 2707 pot’est,
1161 2607 1262 2710 quin
1251 2621 1289 2672 cx

267 2714 402 2799 tornis,
427 2725 468 2782 ut
481 2724 659 2800 vocatur
682 2709 849 2802 sensibus,
876 2733 963 2784 mox
982 2710 1196 2796 afficiamur3
1218 2719 1288 2804 (lull

263 2829 312 2902 pe
339 2829 491 2900 quorum
517 2823 589 2900 ope
618 2809 655 2880 in
688 2829 807 2881 earum
834 2831 953 2882 rerum
979 2809 1155 2886 notiones
1181 2793 1288 2875 deduci·

179 2907 182 2912 '
264 2927 370 2994 mur,
399 2926 477 2996 quae
505 2904 715 2996 neutiquam
745 2905 883 3010 percipi
906 2905 1069 3001 pollent,
1094 2904 1161 2979 nisr
1181 2913 1287 2974 accom-

262 3004 411 3077 mndata
442 3001 511 3074 illis
544 3001 799 3094 instrumenta,
835 2986 888 3075 ut'i
920 3003 1000 3076 sunt
1031 3005 1173 3098 lingua,
1202 2989 1287 3076 nasus,

263 3123 389 3189 aures,
415 3101 514 3174 oculi
533 3100 600 3173 &c
627 3102 775 3194 corpori
803 3101 929 3174 nostro
955 3093 1023 3196 Sap
1027 3088 1287 3175 ienriffimun'u

220 3233 222 3240 v
262 3200 405 3273 didillet
428 3199 588 3271 Numen.
655 3200 722 3272 His
748 3199 890 3272 demum
925 3126 1225 3273 intercedentibus
1248 3181 1287 3258 al·

260 3312 407 3369 vertere
425 3309 584 3369 mentem
609 3297 718 3370 nobis
735 3296 839 3370 datur
856 3296 898 3368 ad
920 3320 984 3386 ea,
1015 3319 1091 3389 quae
1117 3317 1180 3389 per
1199 3295 1286 3362 alren

258 3395 410 3480 sonant,
436 3416 514 3486 quae
533 3392 673 3467 soluta
663 3416 700 3468 sn
719 3394 819 3485 aquis
834 3394 992 3484 haereut,
1020 3415 1097 3486 quae
1116 3407 1232 3466 tenues
1243 3395 1284 3474 per

259 3513 363 3565 auras
395 3490 517 3564 ferun
503 3504 580 3582 ur,
620 3515 697 3584 quae
723 3491 860 3564 lumine
896 3491 1060 3582 radiant,
1095 3499 1272 3584 quorumqu
1239 3493 1285 3569 que

259 3588 423 3662 omniurn
441 3601 540 3661 tanta
557 3588 608 3661 est
629 3588 827 3678 subtilitas,
852 3601 894 3662 ut
910 3589 1019 3678 tastu,
1045 3610 1151 3681 quem
1171 3578 1283 3684 quidem

255 3685 406 3798 proprie
435 3687 677 3778 appellamus,
705 3686 849 3778 copiam
877 3684 929 3760 sui
956 3689 1021 3758 vix
1039 3688 1148 3764 ullam
1172 3671 1283 3756 fecerit

255 3783 386 3878 Sapida
403 3783 509 3854 vario
534 3784 697 3856 robore
687 3806 725 3858 ru
743 3805 901 3876 corpora
925 3784 1047 3857 nostra
1067 3783 1100 3856 se
1121 3779 1280 3857 influunt.

254 3880 495 3982 fragrantibus
513 3881 600 3954 vitae
615 3879 758 3979 fugatur
773 3882 947 3980 languor,
973 3879 1116 3958 sonoris
1138 3877 1279 4029 incitabit

784 4035 787 4042 ,
1228 3985 1277 4041 an·

424 4150 452 4208 ἢ
