2604 4786
221 211 514 296 FRUTETUM
542 206 818 290 SVECICUM.
980 217 1059 308 219

18 417 73 480 ut
94 399 200 514 aiens
216 395 333 492 spinas
358 391 700 488 adhaerentiam,
726 392 791 468 ubi
816 391 914 468 illurn
936 393 1059 472 couti-r
1151 437 1156 444 -

34 515 242 598 germanum.

118 629 162 706 58.
186 609 418 688 BERBERIS
440 613 604 706 uulgaris.
632 609 688 686 Fl.
707 609 861 708 Sugrr.
891 615 1056 702 Baloie,

33 713 114 786 lraud
132 715 174 786 ita
196 711 330 808 pridem
353 731 419 806 per
434 705 598 784 Sueciam
615 711 672 804 jus
685 709 857 784 civitatis
880 712 1055 786 obtinuit.

25 811 165 884 Primum
183 811 214 884 in
237 809 355 882 hortis
377 808 421 880 ab
443 809 578 881 exteris
608 808 715 882 terris
743 807 948 884 introducta
972 810 1056 902 fuit,

24 909 139 1000 postea
153 927 228 980 vero
244 929 332 982 aves
346 901 449 980 'illam
461 903 582 1000 passim
598 905 843 980 conseverunt
858 929 925 1003 per
938 907 1056 998 silvas,

22 1007 70 1076 nti
94 1007 189 1078 hodie
209 1006 334 1078 videic
354 1001 417 1078 est.
467 1003 511 1077 In
534 1002 702 1077 sabuletis
729 1004 890 1095 habitat,
922 1005 1058 1080 tamin

22 1105 178 1178 trontola
193 1125 232 1182 at
250 1101 382 1198 apricis
403 1101 519 1192 locis,
548 1123 652 1194 quam
674 1101 840 1196 depreffis
860 1101 1059 1180 &umbro-

20 1203 78 1288 fis,
111 1223 225 1294 aquarn
253 1217 374 1274 tamen
403 1197 625 1296 stagnantem
655 1221 733 1273 non
762 1201 917 1288 tolerat3
955 1201 1060 1276 radix

24 1299 223 1388 alterocca,
249 1321 328 1392 quae
347 1297 491 1392 quidem
507 1319 586 1371 non
604 1297 714 1390 repit
739 1295 797 1372 sed
815 1319 835 1370 e
851 1299 972 1374 radice
986 1298 1059 1372 sto·

26 1397 115 1468 lones
138 1398 271 1490 plurimi
295 1395 519 1494 ‘exsurgunt3
551 1396 612 1490 qui
641 1395 813 1469 facillime
845 1395 1059 1472 dividuntur

32 1471 385 1588 duansplantantun
411 1507 631 1589 propagatur
654 1493 764 1568 etiam
784 1493 988 1570 seminibus.
1021 1491 1061 1570 Si

30 1591 115 1684 huius
139 1593 282 1666 frutices
311 1591 507 1666 confertim
538 1591 576 1666 in
600 1589 700 1686 sepes
727 1593 956 1686 plantentur,
984 1593 1059 1670 ani·

29 1691 116 1762 nulia
137 1713 196 1784 per
213 1691 290 1763 illas
304 1691 454 1762 minime
470 1703 685 1783 penetrant,
713 1703 845 1784 utpote
861 1713 939 1784 quae
951 1693 1060 1766 ramis

28 1785 82 1858 suis
97 1787 298 1882 plurimis&
317 1786 433 1862 acutis
449 1787 666 1861 tridentibus
684 1785 894 1864 excludunt.
946 1789 1060 1866 Paulo

30 1885 118 1958 altior
130 1887 245 1960 Pruno
264 1884 546 1988 spinosapvadit
562 1883 654 1959 &ad
668 1885 768 1982 sepes
784 1887 942 1964 maxime
961 1901 1058 1984 apta,

28 1993 87 2056 tam
101 1983 134 2060 in
151 1985 264 2058 hortis
283 2005 389 2078 quam
406 1983 573 2058 collibus.

38 2213 44 2228 ι
105 2145 168 2234 59..
184 2117 333 2234 RIBES·
355 2121 433 2195 Uva
456 2119 575 2216 crispa.
606 2117 672 2234 fl.
692 2119 751 2194 Su.
764 2133 846 2206 208·
888 2125 1058 2217 Krusbiir,

38 2237 68 2288 rn
84 2217 186 2294 hortis
220 2218 352 2292 nostris
381 2215 501 2312 palsrm
532 2217 691 2328 habitam
727 2239 814 2292 aves
842 2241 934 2292 vero
963 2223 1061 2304 illam

38 2311 144 2404 sparlrn
165 2337 281 2412 prope
303 2316 402 2406 vias,
427 2315 465 2390 in
481 2315 577 2390 srlvrs
595 2315 628 2388 dt
646 2315 781 2410 campis
802 2315 1059 2414 conseverunt,

35 2413 80 2482 ubi
106 2415 136 2488 sc
170 2413 278 2508 ipsam
315 2413 359 2488 ab
391 2411 529 2506 impetu
561 2411 767 2488 animalium
804 2414 987 2508 defendit,
1024 2419 1060 2494 dt

32 2511 92 2580 coli
108 2511 215 2624 nostri
235 2511 447 2605 temperiem
463 2509 611 2604 perfert.
643 2510 685 2585 ln
699 2510 874 2624 ruderatis
891 2515 1061 2626 latissima

29 2607 213 2796 illlis?
229 2607 387 2782 sibilis?
403 2607 441 2780 sl
457 2607 1060 2800 lllll‚s“llsm.l⁰lltllli

31 2801 172 2900 exsurgit.
223 2805 336 2912 Quod
367 2801 501 2878 seratur
529 2825 605 2878 non
633 2729 705 2895 ef,
736 2805 825 2878 rami
859 2807 954 2882 enim
981 2813 1059 2906 ejus

29 2901 135 2993 creis,
165 2905 320 2978 interra
345 2901 495 2997 depositi
515 2902 655 2978 radices
674 2901 846 2976 facillime
870 2919 992 3000 agunt,
1018 2921 1060 2984 ut
1192 2965 1195 2972 ,

31 2996 131 3072 Salices
156 3001 189 3074 ἀ
218 3003 340 3087 Risum·
367 3001 512 3074 humilis
545 2999 689 3092 quidem
713 2999 859 3091 evadit,
888 3017 930 3076 ut
957 3005 1060 3078 dimi-

29 3091 105 3168 diam
129 3099 285 3174 hominis
314 3097 540 3170 altitudinem
566 3099 630 3170 vix
656 3098 832 3191 attingat,
857 3096 916 3171 sed
945 3097 1072 3200 ampla'
1098 3117 1109 3140 '

30 3185 157 3290 dista,
180 3209 222 3272 ut
242 3215 379 3293 pecora
402 3215 481 3272 eam
502 3195 703 3294 transgredi
729 3209 923 3291 nequeant.

381 3405 585 3484 CAPUT
630 3407 680 3484 V.

321 3553 366 3636 V
402 3553 439 3638 E
475 3553 505 3638 P
546 3553 584 3635 R
622 3551 660 3638 E
699 3550 740 3636 S.

105 3707 160 3778 60.
184 3703 317 3782 ROSA
335 3679 458 3786 maim
485 3707 539 3784 Fl.
551 3705 610 3782 Su.
621 3729 706 3799 441.
732 3699 894 3806 Musica,
918 3711 956 3786 in
977 3719 1059 3786 tota

33 3785 135 3904 fuecit
152 3801 185 3877 u
202 3803 395 3900 Ltpponlu
416 3805 563 3899 crescit,
589 3802 825 3900 copiosissime
849 3807 947 3882 circla
964 3809 1060 3882 ‘Hol-

32 3906 117 3974 uuaur
137 3900 256 3980 versut
276 3901 591 3996 Sudctntmiumr
615 3904 656 3983 iu
683 3905 870 3984 exstentis
883 3905 1063 4079 collibrgsg
