<?xml version="1.0" encoding="UTF-8"?>
<!DOCTYPE html PUBLIC "-//W3C//DTD XHTML 1.0 Transitional//EN"
    "http://www.w3.org/TR/xhtml1/DTD/xhtml1-transitional.dtd">
<html xmlns="http://www.w3.org/1999/xhtml" xml:lang="en" lang="en">
 <head>
  <title>
</title>
<meta http-equiv="Content-Type" content="text/html;charset=utf-8" />
  <meta name='ocr-system' content='tesseract 3.04.00' />
  <meta name='ocr-capabilities' content='ocr_page ocr_carea ocr_par ocr_line ocrx_word'/>
</head>
<body>
  <div class='ocr_page' id='page_1' title='image "./carolialinnequi05schrgoog_0114.png"; bbox 0 0 2630 4776; ppageno 0'>
   <div class='ocr_carea' id='block_1_1' title="bbox 221 281 1051 368">
    <p class='ocr_par' dir='ltr' id='par_1_1' title="bbox 221 281 1051 368">
     <span class='ocr_line' id='line_1_1' title="bbox 221 281 1051 368; baseline 0.002 -4"><span class='ocrx_word' id='word_1_1' title='bbox 221 281 634 366; x_wconf 73' lang='lat' dir='ltr'>-nxANTunMAnn</span> <span class='ocrx_word' id='word_1_2' title='bbox 663 287 806 368; x_wconf 83' lang='lat' dir='ltr'><strong>VIVA.</strong></span> <span class='ocrx_word' id='word_1_3' title='bbox 984 311 1051 366; x_wconf 85' lang='lat' dir='ltr'>ror</span> 
     </span>
    </p>
   </div>
   <div class='ocr_carea' id='block_1_2' title="bbox 31 463 1052 1443">
    <p class='ocr_par' dir='ltr' id='par_1_2' title="bbox 31 463 1052 1443">
     <span class='ocr_line' id='line_1_2' title="bbox 39 463 1051 562; baseline 0 -22"><span class='ocrx_word' id='word_1_4' title='bbox 39 465 81 540; x_wconf 89' lang='lat' dir='ltr'>ad</span> <span class='ocrx_word' id='word_1_5' title='bbox 104 463 300 559; x_wconf 81' lang='lat' dir='ltr'>iprrficiem</span> <span class='ocrx_word' id='word_1_6' title='bbox 325 469 500 562; x_wconf 82' lang='lat' dir='ltr'>corporis</span> <span class='ocrx_word' id='word_1_7' title='bbox 523 470 750 562; x_wconf 80' lang='lat' dir='ltr'><strong>expellantur</strong></span> <span class='ocrx_word' id='word_1_8' title='bbox 785 467 1051 558; x_wconf 67' lang='lat' dir='ltr'>exanthemata,</span> 
     </span>
     <span class='ocr_line' id='line_1_3' title="bbox 45 561 1048 641; baseline 0.001 -5"><span class='ocrx_word' id='word_1_9' title='bbox 45 587 83 636; x_wconf 89' lang='lat' dir='ltr'>ne</span> <span class='ocrx_word' id='word_1_10' title='bbox 101 561 212 639; x_wconf 72' lang='lat' dir='ltr'>ulcera</span> <span class='ocrx_word' id='word_1_11' title='bbox 237 565 379 640; x_wconf 90' lang='lat' dir='ltr'>interna</span> <span class='ocrx_word' id='word_1_12' title='bbox 409 566 535 640; x_wconf 86' lang='lat' dir='ltr'>iisdem</span> <span class='ocrx_word' id='word_1_13' title='bbox 563 566 712 640; x_wconf 89' lang='lat' dir='ltr'>nimium</span> <span class='ocrx_word' id='word_1_14' title='bbox 743 567 1048 641; x_wconf 89' lang='lat' dir='ltr'>contaminentur.</span> 
     </span>
     <span class='ocr_line' id='line_1_4' title="bbox 48 657 1052 760; baseline 0.006 -30"><span class='ocrx_word' id='word_1_15' title='bbox 48 657 155 735; x_wconf 83' lang='lat' dir='ltr'>lrsufli</span> <span class='ocrx_word' id='word_1_16' title='bbox 174 661 352 736; x_wconf 88' lang='lat' dir='ltr'>morbillis</span> <span class='ocrx_word' id='word_1_17' title='bbox 368 663 610 738; x_wconf 85' lang='lat' dir='ltr'>laborantium</span> <span class='ocrx_word' id='word_1_18' title='bbox 627 665 802 758; x_wconf 84' lang='lat' dir='ltr'>pertinaci</span> <span class='ocrx_word' id='word_1_19' title='bbox 821 663 1052 760; x_wconf 72' lang='lat' dir='ltr'>pectorisque</span> 
     </span>
     <span class='ocr_line' id='line_1_5' title="bbox 43 757 1050 858; baseline 0.004 -30"><span class='ocrx_word' id='word_1_20' title='bbox 43 757 250 851; x_wconf 73' lang='lat' dir='ltr'>oppresione,</span> <span class='ocrx_word' id='word_1_21' title='bbox 276 760 360 834; x_wconf 89' lang='lat' dir='ltr'>dum</span> <span class='ocrx_word' id='word_1_22' title='bbox 388 761 478 834; x_wconf 89' lang='lat' dir='ltr'>nihil</span> <span class='ocrx_word' id='word_1_23' title='bbox 503 762 579 835; x_wconf 88' lang='lat' dir='ltr'>sere</span> <span class='ocrx_word' id='word_1_24' title='bbox 602 761 844 856; x_wconf 61' lang='lat' dir='ltr'>juvamur.</span> <span class='ocrx_word' id='word_1_25' title='bbox 874 765 1050 858; x_wconf 76' lang='lat' dir='ltr'>sulphuris</span> 
     </span>
     <span class='ocr_line' id='line_1_6' title="bbox 35 857 1051 952; baseline 0.003 -27"><span class='ocrx_word' id='word_1_26' title='bbox 35 857 331 951; x_wconf 82' lang='lat' dir='ltr'>parvadrrepetita</span> <span class='ocrx_word' id='word_1_27' title='bbox 349 859 444 946; x_wconf 89' lang='lat' dir='ltr'>doli,</span> <span class='ocrx_word' id='word_1_28' title='bbox 471 878 648 933; x_wconf 85' lang='lat' dir='ltr'>unacum</span> <span class='ocrx_word' id='word_1_29' title='bbox 674 859 938 933; x_wconf 87' lang='lat' dir='ltr'>antisebrilibus</span> <span class='ocrx_word' id='word_1_30' title='bbox 967 877 1051 952; x_wconf 90' lang='lat' dir='ltr'>por·</span> 
     </span>
     <span class='ocr_line' id='line_1_7' title="bbox 33 951 1050 1048; baseline 0.004 -26"><span class='ocrx_word' id='word_1_31' title='bbox 33 951 117 1042; x_wconf 76' lang='lat' dir='ltr'>redi,</span> <span class='ocrx_word' id='word_1_32' title='bbox 147 953 348 1048; x_wconf 80' lang='lat' dir='ltr'>specificam</span> <span class='ocrx_word' id='word_1_33' title='bbox 375 955 485 1028; x_wconf 88' lang='lat' dir='ltr'>audit.</span> <span class='ocrx_word' id='word_1_34' title='bbox 547 957 696 1029; x_wconf 85' lang='lat' dir='ltr'>Verbo:</span> <span class='ocrx_word' id='word_1_35' title='bbox 731 956 854 1030; x_wconf 86' lang='lat' dir='ltr'>omnia</span> <span class='ocrx_word' id='word_1_36' title='bbox 877 955 1050 1045; x_wconf 88' lang='lat' dir='ltr'>remedia,</span> 
     </span>
     <span class='ocr_line' id='line_1_8' title="bbox 32 1049 1051 1147; baseline 0.005 -30"><span class='ocrx_word' id='word_1_37' title='bbox 32 1049 169 1123; x_wconf 82' lang='lat' dir='ltr'>l’ariolas</span> <span class='ocrx_word' id='word_1_38' title='bbox 189 1053 223 1124; x_wconf 85' lang='lat' dir='ltr'>dr</span> <span class='ocrx_word' id='word_1_39' title='bbox 246 1051 444 1126; x_wconf 89' lang='lat' dir='ltr'>Morbillos</span> <span class='ocrx_word' id='word_1_40' title='bbox 468 1053 680 1147; x_wconf 86' lang='lat' dir='ltr'>adrepentes</span> <span class='ocrx_word' id='word_1_41' title='bbox 700 1055 761 1126; x_wconf 89' lang='lat' dir='ltr'>vel</span> <span class='ocrx_word' id='word_1_42' title='bbox 784 1050 1051 1128; x_wconf 89' lang='lat' dir='ltr'>antevertentia</span> 
     </span>
     <span class='ocr_line' id='line_1_9' title="bbox 32 1147 1050 1246; baseline 0.008 -32"><span class='ocrx_word' id='word_1_43' title='bbox 32 1148 77 1218; x_wconf 84' lang='lat' dir='ltr'>vei</span> <span class='ocrx_word' id='word_1_44' title='bbox 93 1148 257 1240; x_wconf 84' lang='lat' dir='ltr'>curantia,</span> <span class='ocrx_word' id='word_1_45' title='bbox 276 1149 414 1224; x_wconf 90' lang='lat' dir='ltr'>virtute</span> <span class='ocrx_word' id='word_1_46' title='bbox 436 1153 578 1246; x_wconf 89' lang='lat' dir='ltr'>pollent</span> <span class='ocrx_word' id='word_1_47' title='bbox 599 1151 728 1226; x_wconf 79' lang='lat' dir='ltr'>inscita</span> <span class='ocrx_word' id='word_1_48' title='bbox 748 1151 959 1240; x_wconf 87' lang='lat' dir='ltr'>occidendi;</span> <span class='ocrx_word' id='word_1_49' title='bbox 987 1147 1050 1222; x_wconf 89' lang='lat' dir='ltr'>vel</span> 
     </span>
     <span class='ocr_line' id='line_1_10' title="bbox 31 1246 1049 1339; baseline 0.004 -24"><span class='ocrx_word' id='word_1_50' title='bbox 31 1263 128 1318; x_wconf 71' lang='lat' dir='ltr'>mrum</span> <span class='ocrx_word' id='word_1_51' title='bbox 152 1247 301 1320; x_wconf 88' lang='lat' dir='ltr'>halitum</span> <span class='ocrx_word' id='word_1_52' title='bbox 330 1246 453 1322; x_wconf 90' lang='lat' dir='ltr'>saltem</span> <span class='ocrx_word' id='word_1_53' title='bbox 485 1271 560 1322; x_wconf 91' lang='lat' dir='ltr'>non</span> <span class='ocrx_word' id='word_1_54' title='bbox 593 1249 767 1339; x_wconf 90' lang='lat' dir='ltr'>serendo,</span> <span class='ocrx_word' id='word_1_55' title='bbox 797 1249 840 1322; x_wconf 93' lang='lat' dir='ltr'>ad</span> <span class='ocrx_word' id='word_1_56' title='bbox 866 1248 1049 1324; x_wconf 83' lang='lat' dir='ltr'>exteriora</span> 
     </span>
     <span class='ocr_line' id='line_1_11' title="bbox 31 1344 848 1443; baseline 0.012 -33"><span class='ocrx_word' id='word_1_57' title='bbox 31 1344 164 1437; x_wconf 87' lang='lat' dir='ltr'>corporis</span> <span class='ocrx_word' id='word_1_58' title='bbox 185 1345 391 1440; x_wconf 85' lang='lat' dir='ltr'>peliuntur,</span> <span class='ocrx_word' id='word_1_59' title='bbox 417 1345 502 1419; x_wconf 82' lang='lat' dir='ltr'>&amp;in</span> <span class='ocrx_word' id='word_1_60' title='bbox 521 1347 639 1442; x_wconf 88' lang='lat' dir='ltr'>sugam</span> <span class='ocrx_word' id='word_1_61' title='bbox 658 1361 848 1443; x_wconf 89' lang='lat' dir='ltr'>coguntur.</span> 
     </span>
    </p>
   </div>
   <div class='ocr_carea' id='block_1_3' title="bbox 375 1521 670 1604">
    <p class='ocr_par' dir='ltr' id='par_1_3' title="bbox 375 1521 670 1604">
     <span class='ocr_line' id='line_1_12' title="bbox 375 1521 670 1604; baseline 0.02 -8"><span class='ocrx_word' id='word_1_62' title='bbox 375 1521 670 1604; x_wconf 80' lang='lat' dir='ltr'><strong>PESTIS.</strong></span> 
     </span>
    </p>
   </div>
   <div class='ocr_carea' id='block_1_4' title="bbox 32 1635 1049 1930">
    <p class='ocr_par' dir='ltr' id='par_1_4' title="bbox 32 1635 1049 1930">
     <span class='ocr_line' id='line_1_13' title="bbox 101 1635 1049 1732; baseline 0.006 -26"><span class='ocrx_word' id='word_1_63' title='bbox 101 1653 246 1708; x_wconf 77' lang='lat' dir='ltr'>ream</span> <span class='ocrx_word' id='word_1_64' title='bbox 272 1635 407 1728; x_wconf 83' lang='lat' dir='ltr'>absque</span> <span class='ocrx_word' id='word_1_65' title='bbox 434 1636 607 1732; x_wconf 87' lang='lat' dir='ltr'>contagio</span> <span class='ocrx_word' id='word_1_66' title='bbox 634 1657 656 1709; x_wconf 91' lang='lat' dir='ltr'>e</span> <span class='ocrx_word' id='word_1_67' title='bbox 685 1638 790 1711; x_wconf 85' lang='lat' dir='ltr'>terris</span> <span class='ocrx_word' id='word_1_68' title='bbox 817 1637 972 1729; x_wconf 83' lang='lat' dir='ltr'>exteris,</span> <span class='ocrx_word' id='word_1_69' title='bbox 1010 1635 1049 1712; x_wconf 90' lang='lat' dir='ltr'>in</span> 
     </span>
     <span class='ocr_line' id='line_1_14' title="bbox 33 1727 1047 1828; baseline 0.005 -27"><span class='ocrx_word' id='word_1_70' title='bbox 33 1729 146 1804; x_wconf 76' lang='lat' dir='ltr'>rubibus</span> <span class='ocrx_word' id='word_1_71' title='bbox 167 1727 384 1824; x_wconf 84' lang='lat' dir='ltr'>potishrnum</span> <span class='ocrx_word' id='word_1_72' title='bbox 410 1731 622 1824; x_wconf 80' lang='lat' dir='ltr'>maritimis,</span> <span class='ocrx_word' id='word_1_73' title='bbox 653 1733 746 1828; x_wconf 91' lang='lat' dir='ltr'>apud</span> <span class='ocrx_word' id='word_1_74' title='bbox 773 1755 842 1810; x_wconf 92' lang='lat' dir='ltr'>nos</span> <span class='ocrx_word' id='word_1_75' title='bbox 866 1755 1047 1828; x_wconf 86' lang='lat' dir='ltr'>nunquam</span> 
     </span>
     <span class='ocr_line' id='line_1_15' title="bbox 32 1827 1049 1930; baseline 0.008 -34"><span class='ocrx_word' id='word_1_76' title='bbox 32 1827 113 1900; x_wconf 87' lang='lat' dir='ltr'>oriri:</span> <span class='ocrx_word' id='word_1_77' title='bbox 140 1827 233 1903; x_wconf 90' lang='lat' dir='ltr'>banc</span> <span class='ocrx_word' id='word_1_78' title='bbox 263 1827 371 1924; x_wconf 89' lang='lat' dir='ltr'>ipsam</span> <span class='ocrx_word' id='word_1_79' title='bbox 396 1831 626 1924; x_wconf 86' lang='lat' dir='ltr'>multiplicari</span> <span class='ocrx_word' id='word_1_80' title='bbox 654 1831 687 1904; x_wconf 77' lang='lat' dir='ltr'>dr</span> <span class='ocrx_word' id='word_1_81' title='bbox 714 1833 926 1930; x_wconf 85' lang='lat' dir='ltr'>propagari:</span> <span class='ocrx_word' id='word_1_82' title='bbox 955 1833 1049 1907; x_wconf 90' lang='lat' dir='ltr'>banc</span> 
     </span>
    </p>
   </div>
   <div class='ocr_carea' id='block_1_5' title="bbox 8 1923 1096 4166">
    <p class='ocr_par' dir='ltr' id='par_1_5' title="bbox 19 1923 1050 3581">
     <span class='ocr_line' id='line_1_16' title="bbox 31 1923 1047 2026; baseline 0.009 -34"><span class='ocrx_word' id='word_1_83' title='bbox 31 1923 58 1994; x_wconf 86' lang='lat' dir='ltr'>in</span> <span class='ocrx_word' id='word_1_84' title='bbox 77 1925 153 1997; x_wconf 86' lang='lat' dir='ltr'>locis</span> <span class='ocrx_word' id='word_1_85' title='bbox 170 1925 429 2018; x_wconf 88' lang='lat' dir='ltr'>calidioribus,</span> <span class='ocrx_word' id='word_1_86' title='bbox 456 1927 609 2021; x_wconf 89' lang='lat' dir='ltr'>putridis</span> <span class='ocrx_word' id='word_1_87' title='bbox 629 1928 662 2002; x_wconf 80' lang='lat' dir='ltr'>dr</span> <span class='ocrx_word' id='word_1_88' title='bbox 680 1929 874 2005; x_wconf 84' lang='lat' dir='ltr'>humilibus</span> <span class='ocrx_word' id='word_1_89' title='bbox 903 1929 1047 2026; x_wconf 83' lang='lat' dir='ltr'>peffime</span> 
     </span>
     <span class='ocr_line' id='line_1_17' title="bbox 31 2020 1047 2120; baseline 0.005 -27"><span class='ocrx_word' id='word_1_90' title='bbox 31 2020 157 2112; x_wconf 84' lang='lat' dir='ltr'>gnilari:</span> <span class='ocrx_word' id='word_1_91' title='bbox 189 2025 287 2098; x_wconf 90' lang='lat' dir='ltr'>hanc</span> <span class='ocrx_word' id='word_1_92' title='bbox 311 2039 565 2118; x_wconf 84' lang='lat' dir='ltr'>corruptorum</span> <span class='ocrx_word' id='word_1_93' title='bbox 592 2027 685 2100; x_wconf 81' lang='lat' dir='ltr'>aeris</span> <span class='ocrx_word' id='word_1_94' title='bbox 714 2026 866 2101; x_wconf 73' lang='lat' dir='ltr'>lintrium</span> <span class='ocrx_word' id='word_1_95' title='bbox 895 2049 968 2120; x_wconf 91' lang='lat' dir='ltr'>ope</span> <span class='ocrx_word' id='word_1_96' title='bbox 995 2025 1047 2099; x_wconf 93' lang='lat' dir='ltr'>in·</span> 
     </span>
     <span class='ocr_line' id='line_1_18' title="bbox 30 2119 1048 2218; baseline 0.007 -29"><span class='ocrx_word' id='word_1_97' title='bbox 30 2119 223 2214; x_wconf 80' lang='lat' dir='ltr'>gravescere,</span> <span class='ocrx_word' id='word_1_98' title='bbox 250 2121 373 2196; x_wconf 88' lang='lat' dir='ltr'>versus</span> <span class='ocrx_word' id='word_1_99' title='bbox 400 2121 553 2196; x_wconf 88' lang='lat' dir='ltr'>hiemem</span> <span class='ocrx_word' id='word_1_100' title='bbox 574 2125 788 2218; x_wconf 86' lang='lat' dir='ltr'>comprimi,</span> <span class='ocrx_word' id='word_1_101' title='bbox 814 2145 902 2198; x_wconf 91' lang='lat' dir='ltr'>vere</span> <span class='ocrx_word' id='word_1_102' title='bbox 928 2136 1048 2196; x_wconf 88' lang='lat' dir='ltr'>autem</span> 
     </span>
     <span class='ocr_line' id='line_1_19' title="bbox 32 2215 1049 2314; baseline 0 -23"><span class='ocrx_word' id='word_1_103' title='bbox 32 2215 169 2292; x_wconf 73' lang='lat' dir='ltr'>&amp;estate</span> <span class='ocrx_word' id='word_1_104' title='bbox 198 2219 422 2294; x_wconf 88' lang='lat' dir='ltr'>adventante</span> <span class='ocrx_word' id='word_1_105' title='bbox 447 2236 655 2314; x_wconf 87' lang='lat' dir='ltr'>erumpere:</span> <span class='ocrx_word' id='word_1_106' title='bbox 690 2221 783 2292; x_wconf 90' lang='lat' dir='ltr'>hanc</span> <span class='ocrx_word' id='word_1_107' title='bbox 816 2231 1049 2314; x_wconf 73' lang='lat' dir='ltr'>perpurgatae</span> 
     </span>
     <span class='ocr_line' id='line_1_20' title="bbox 36 2311 1050 2413; baseline 0 -27"><span class='ocrx_word' id='word_1_108' title='bbox 36 2311 148 2406; x_wconf 83' lang='lat' dir='ltr'>donor,</span> <span class='ocrx_word' id='word_1_109' title='bbox 172 2315 269 2392; x_wconf 88' lang='lat' dir='ltr'>teste</span> <span class='ocrx_word' id='word_1_110' title='bbox 297 2317 346 2390; x_wconf 91' lang='lat' dir='ltr'>D.</span> <span class='ocrx_word' id='word_1_111' title='bbox 369 2317 529 2408; x_wconf 90' lang='lat' dir='ltr'>Timoli,</span> <span class='ocrx_word' id='word_1_112' title='bbox 554 2337 632 2390; x_wconf 91' lang='lat' dir='ltr'>non</span> <span class='ocrx_word' id='word_1_113' title='bbox 662 2315 801 2413; x_wconf 83' lang='lat' dir='ltr'>ingredi</span> <span class='ocrx_word' id='word_1_114' title='bbox 809 2337 819 2389; x_wconf 81' lang='lat' dir='ltr'>a</span> <span class='ocrx_word' id='word_1_115' title='bbox 855 2315 960 2407; x_wconf 86' lang='lat' dir='ltr'>hujus</span> <span class='ocrx_word' id='word_1_116' title='bbox 989 2313 1050 2388; x_wconf 90' lang='lat' dir='ltr'>ad·</span> 
     </span>
     <span class='ocr_line' id='line_1_21' title="bbox 33 2413 1048 2508; baseline 0.004 -26"><span class='ocrx_word' id='word_1_117' title='bbox 33 2423 144 2488; x_wconf 80' lang='lat' dir='ltr'>rephun</span> <span class='ocrx_word' id='word_1_118' title='bbox 159 2417 278 2504; x_wconf 84' lang='lat' dir='ltr'>alios,</span> <span class='ocrx_word' id='word_1_119' title='bbox 302 2417 526 2508; x_wconf 87' lang='lat' dir='ltr'>plerumque,</span> <span class='ocrx_word' id='word_1_120' title='bbox 551 2415 699 2488; x_wconf 83' lang='lat' dir='ltr'>morbos</span> <span class='ocrx_word' id='word_1_121' title='bbox 714 2413 945 2506; x_wconf 78' lang='lat' dir='ltr'>contagiosus</span> <span class='ocrx_word' id='word_1_122' title='bbox 960 2433 1048 2508; x_wconf 81' lang='lat' dir='ltr'>pra·</span> 
     </span>
     <span class='ocr_line' id='line_1_22' title="bbox 29 2511 1049 2606; baseline -0.001 -24"><span class='ocrx_word' id='word_1_123' title='bbox 29 2511 182 2588; x_wconf 77' lang='lat' dir='ltr'>nudae:</span> <span class='ocrx_word' id='word_1_124' title='bbox 210 2514 305 2588; x_wconf 91' lang='lat' dir='ltr'>hanc</span> <span class='ocrx_word' id='word_1_125' title='bbox 323 2512 446 2586; x_wconf 87' lang='lat' dir='ltr'>eadem</span> <span class='ocrx_word' id='word_1_126' title='bbox 463 2513 599 2606; x_wconf 89' lang='lat' dir='ltr'>semper</span> <span class='ocrx_word' id='word_1_127' title='bbox 616 2512 757 2586; x_wconf 88' lang='lat' dir='ltr'>servare</span> <span class='ocrx_word' id='word_1_128' title='bbox 776 2511 1049 2586; x_wconf 76' lang='lat' dir='ltr'>exanthemataz‘</span> 
     </span>
     <span class='ocr_line' id='line_1_23' title="bbox 28 2603 1049 2704; baseline 0.004 -28"><span class='ocrx_word' id='word_1_129' title='bbox 28 2603 107 2696; x_wconf 78' lang='lat' dir='ltr'>hujus</span> <span class='ocrx_word' id='word_1_130' title='bbox 125 2609 269 2684; x_wconf 83' lang='lat' dir='ltr'>niasina</span> <span class='ocrx_word' id='word_1_131' title='bbox 298 2631 398 2702; x_wconf 82' lang='lat' dir='ltr'>aeque</span> <span class='ocrx_word' id='word_1_132' title='bbox 429 2633 495 2704; x_wconf 93' lang='lat' dir='ltr'>per</span> <span class='ocrx_word' id='word_1_133' title='bbox 519 2609 664 2684; x_wconf 86' lang='lat' dir='ltr'>salivam</span> <span class='ocrx_word' id='word_1_134' title='bbox 691 2609 858 2704; x_wconf 87' lang='lat' dir='ltr'>deglutiri</span> <span class='ocrx_word' id='word_1_135' title='bbox 866 2659 879 2700; x_wconf 86' lang='lat'>,</span> <span class='ocrx_word' id='word_1_136' title='bbox 916 2631 957 2682; x_wconf 87' lang='lat' dir='ltr'>ac</span> <span class='ocrx_word' id='word_1_137' title='bbox 983 2627 1049 2702; x_wconf 92' lang='lat' dir='ltr'>per</span> 
     </span>
     <span class='ocr_line' id='line_1_24' title="bbox 29 2703 1049 2802; baseline 0.003 -27"><span class='ocrx_word' id='word_1_138' title='bbox 29 2703 97 2775; x_wconf 85' lang='lat' dir='ltr'>cutis</span> <span class='ocrx_word' id='word_1_139' title='bbox 119 2729 234 2801; x_wconf 86' lang='lat' dir='ltr'>poros</span> <span class='ocrx_word' id='word_1_140' title='bbox 264 2707 443 2800; x_wconf 87' lang='lat' dir='ltr'>irrepere:</span> <span class='ocrx_word' id='word_1_141' title='bbox 480 2707 575 2780; x_wconf 91' lang='lat' dir='ltr'>hanc</span> <span class='ocrx_word' id='word_1_142' title='bbox 604 2707 734 2802; x_wconf 88' lang='lat' dir='ltr'>ipsam,</span> <span class='ocrx_word' id='word_1_143' title='bbox 773 2729 817 2780; x_wconf 82' lang='lat' dir='ltr'>cx</span> <span class='ocrx_word' id='word_1_144' title='bbox 847 2705 974 2796; x_wconf 91' lang='lat' dir='ltr'>acido,</span> <span class='ocrx_word' id='word_1_145' title='bbox 1010 2703 1049 2778; x_wconf 91' lang='lat' dir='ltr'>in</span> 
     </span>
     <span class='ocr_line' id='line_1_25' title="bbox 29 2801 1049 2899; baseline 0.001 -27"><span class='ocrx_word' id='word_1_146' title='bbox 29 2805 104 2891; x_wconf 81' lang='lat' dir='ltr'>aire,</span> <span class='ocrx_word' id='word_1_147' title='bbox 130 2803 403 2898; x_wconf 79' lang='lat' dir='ltr'>elanguescere,</span> <span class='ocrx_word' id='word_1_148' title='bbox 441 2805 645 2898; x_wconf 83' lang='lat' dir='ltr'>acidisque,</span> <span class='ocrx_word' id='word_1_149' title='bbox 683 2803 872 2878; x_wconf 85' lang='lat' dir='ltr'>secundum</span> <span class='ocrx_word' id='word_1_150' title='bbox 909 2801 1049 2899; x_wconf 85' lang='lat' dir='ltr'>experi-</span> 
     </span>
     <span class='ocr_line' id='line_1_26' title="bbox 28 2898 1049 2996; baseline -0.002 -24"><span class='ocrx_word' id='word_1_151' title='bbox 28 2901 178 2974; x_wconf 73' lang='lat' dir='ltr'>nouo.</span> <span class='ocrx_word' id='word_1_152' title='bbox 192 2901 334 2994; x_wconf 88' lang='lat' dir='ltr'>Sylvii,</span> <span class='ocrx_word' id='word_1_153' title='bbox 358 2903 571 2996; x_wconf 87' lang='lat' dir='ltr'>praeveniri:</span> <span class='ocrx_word' id='word_1_154' title='bbox 597 2902 689 2976; x_wconf 89' lang='lat' dir='ltr'>hanc</span> <span class='ocrx_word' id='word_1_155' title='bbox 705 2901 875 2994; x_wconf 88' lang='lat' dir='ltr'>denique,</span> <span class='ocrx_word' id='word_1_156' title='bbox 901 2898 1049 2974; x_wconf 87' lang='lat' dir='ltr'>Mosco·</span> 
     </span>
     <span class='ocr_line' id='line_1_27' title="bbox 26 2993 1050 3096; baseline 0 -28"><span class='ocrx_word' id='word_1_157' title='bbox 26 2993 74 3068; x_wconf 75' lang='lat' dir='ltr'>n&#39;ae</span> <span class='ocrx_word' id='word_1_158' title='bbox 86 3019 232 3094; x_wconf 87' lang='lat' dir='ltr'>regnum</span> <span class='ocrx_word' id='word_1_159' title='bbox 252 2999 346 3072; x_wconf 86' lang='lat' dir='ltr'>haud</span> <span class='ocrx_word' id='word_1_160' title='bbox 363 3001 413 3072; x_wconf 92' lang='lat' dir='ltr'>ita</span> <span class='ocrx_word' id='word_1_161' title='bbox 432 2999 570 3094; x_wconf 91' lang='lat' dir='ltr'>pridem</span> <span class='ocrx_word' id='word_1_162' title='bbox 584 2999 795 3096; x_wconf 80' lang='lat' dir='ltr'>aggressam,</span> <span class='ocrx_word' id='word_1_163' title='bbox 823 2995 1050 3072; x_wconf 89' lang='lat' dir='ltr'>Mercuriali·</span> 
     </span>
     <span class='ocr_line' id='line_1_28' title="bbox 24 3089 1049 3181; baseline 0.003 -21"><span class='ocrx_word' id='word_1_164' title='bbox 24 3089 86 3180; x_wconf 87' lang='lat' dir='ltr'>bus,</span> <span class='ocrx_word' id='word_1_165' title='bbox 106 3095 296 3170; x_wconf 78' lang='lat' dir='ltr'>notissimis</span> <span class='ocrx_word' id='word_1_166' title='bbox 320 3109 449 3170; x_wconf 93' lang='lat' dir='ltr'>contra</span> <span class='ocrx_word' id='word_1_167' title='bbox 464 3095 628 3170; x_wconf 88' lang='lat' dir='ltr'>Scabiem</span> <span class='ocrx_word' id='word_1_168' title='bbox 648 3097 844 3172; x_wconf 85' lang='lat' dir='ltr'>Acarinam</span> <span class='ocrx_word' id='word_1_169' title='bbox 866 3093 1049 3181; x_wconf 87' lang='lat' dir='ltr'>remediis,</span> 
     </span>
     <span class='ocr_line' id='line_1_29' title="bbox 21 3187 1048 3285; baseline 0.004 -27"><span class='ocrx_word' id='word_1_170' title='bbox 21 3187 168 3285; x_wconf 80' lang='lat' dir='ltr'>feliciter,</span> <span class='ocrx_word' id='word_1_171' title='bbox 201 3191 532 3282; x_wconf 82' lang='lat' dir='ltr'>testeSchreibero,</span> <span class='ocrx_word' id='word_1_172' title='bbox 556 3191 623 3268; x_wconf 89' lang='lat' dir='ltr'>esse</span> <span class='ocrx_word' id='word_1_173' title='bbox 637 3209 815 3268; x_wconf 90' lang='lat' dir='ltr'>curatam:</span> <span class='ocrx_word' id='word_1_174' title='bbox 843 3192 1048 3274; x_wconf 88' lang='lat' dir='ltr'>Moschum,</span> 
     </span>
     <span class='ocr_line' id='line_1_30' title="bbox 22 3283 1049 3386; baseline -0.001 -25"><span class='ocrx_word' id='word_1_175' title='bbox 22 3283 316 3386; x_wconf 70' lang='lat' dir='ltr'>stropharum,</span> <span class='ocrx_word' id='word_1_176' title='bbox 343 3291 455 3366; x_wconf 87' lang='lat' dir='ltr'>Pestis</span> <span class='ocrx_word' id='word_1_177' title='bbox 484 3311 600 3382; x_wconf 85' lang='lat' dir='ltr'>curae,</span> <span class='ocrx_word' id='word_1_178' title='bbox 628 3307 670 3366; x_wconf 88' lang='lat' dir='ltr'>ut</span> <span class='ocrx_word' id='word_1_179' title='bbox 701 3290 793 3364; x_wconf 90' lang='lat' dir='ltr'>idem</span> <span class='ocrx_word' id='word_1_180' title='bbox 826 3289 960 3376; x_wconf 87' lang='lat' dir='ltr'>refert,</span> <span class='ocrx_word' id='word_1_181' title='bbox 996 3285 1049 3360; x_wconf 87' lang='lat' dir='ltr'>in-</span> 
     </span>
     <span class='ocr_line' id='line_1_31' title="bbox 19 3380 1047 3490; baseline 0.002 -34"><span class='ocrx_word' id='word_1_182' title='bbox 19 3380 144 3490; x_wconf 74' lang='lat' dir='ltr'>servire,</span> <span class='ocrx_word' id='word_1_183' title='bbox 170 3388 448 3464; x_wconf 90' lang='lat' dir='ltr'>observationes</span> <span class='ocrx_word' id='word_1_184' title='bbox 466 3388 545 3462; x_wconf 92' lang='lat' dir='ltr'>sunt</span> <span class='ocrx_word' id='word_1_185' title='bbox 565 3387 772 3480; x_wconf 79' lang='lat' dir='ltr'>verissima,</span> <span class='ocrx_word' id='word_1_186' title='bbox 802 3409 881 3482; x_wconf 78' lang='lat' dir='ltr'>quae</span> <span class='ocrx_word' id='word_1_187' title='bbox 902 3383 1047 3477; x_wconf 71' lang='lat' dir='ltr'>insessa,</span> 
     </span>
     <span class='ocr_line' id='line_1_32' title="bbox 20 3479 808 3581; baseline 0.003 -27"><span class='ocrx_word' id='word_1_188' title='bbox 20 3479 92 3555; x_wconf 75' lang='lat' dir='ltr'>illius</span> <span class='ocrx_word' id='word_1_189' title='bbox 113 3499 246 3581; x_wconf 89' lang='lat' dir='ltr'>utpote</span> <span class='ocrx_word' id='word_1_190' title='bbox 268 3485 419 3560; x_wconf 74' lang='lat' dir='ltr'>casalium</span> <span class='ocrx_word' id='word_1_191' title='bbox 445 3485 604 3560; x_wconf 90' lang='lat' dir='ltr'>indicare</span> <span class='ocrx_word' id='word_1_192' title='bbox 628 3485 808 3560; x_wconf 88' lang='lat' dir='ltr'>videntur.</span> 
     </span>
    </p>

    <p class='ocr_par' dir='ltr' id='par_1_6' title="bbox 8 3579 1096 4166">
     <span class='ocr_line' id='line_1_33' title="bbox 90 3579 1052 3678; baseline -0.005 -23"><span class='ocrx_word' id='word_1_193' title='bbox 90 3581 245 3658; x_wconf 86' lang='lat' dir='ltr'>Morbos</span> <span class='ocrx_word' id='word_1_194' title='bbox 279 3587 509 3678; x_wconf 73' lang='lat' dir='ltr'>Sypiilhicrr,</span> <span class='ocrx_word' id='word_1_195' title='bbox 546 3582 738 3677; x_wconf 83' lang='lat' dir='ltr'>praesertim</span> <span class='ocrx_word' id='word_1_196' title='bbox 777 3603 890 3676; x_wconf 84' lang='lat' dir='ltr'>quum</span> <span class='ocrx_word' id='word_1_197' title='bbox 916 3579 1052 3672; x_wconf 87' lang='lat' dir='ltr'>absque</span> 
     </span>
     <span class='ocr_line' id='line_1_34' title="bbox 20 3672 1096 3776; baseline 0 -30"><span class='ocrx_word' id='word_1_198' title='bbox 20 3672 188 3754; x_wconf 79' lang='lat' dir='ltr'>bridorum</span> <span class='ocrx_word' id='word_1_199' title='bbox 212 3679 408 3771; x_wconf 76' lang='lat' dir='ltr'>eontaiiu,</span> <span class='ocrx_word' id='word_1_200' title='bbox 434 3703 499 3774; x_wconf 89' lang='lat' dir='ltr'>per</span> <span class='ocrx_word' id='word_1_201' title='bbox 523 3680 666 3772; x_wconf 88' lang='lat' dir='ltr'>oscula,</span> <span class='ocrx_word' id='word_1_202' title='bbox 694 3682 849 3776; x_wconf 88' lang='lat' dir='ltr'>pocula,</span> <span class='ocrx_word' id='word_1_203' title='bbox 883 3677 1053 3770; x_wconf 88' lang='lat' dir='ltr'>copulam</span> <span class='ocrx_word' id='word_1_204' title='bbox 1091 3682 1096 3691; x_wconf 89' lang='lat'>&#39;</span> 
     </span>
     <span class='ocr_line' id='line_1_35' title="bbox 20 3767 1051 3872; baseline 0 -27"><span class='ocrx_word' id='word_1_205' title='bbox 20 3767 197 3852; x_wconf 74' lang='lat' dir='ltr'>&amp;sudores</span> <span class='ocrx_word' id='word_1_206' title='bbox 231 3799 415 3872; x_wconf 89' lang='lat' dir='ltr'>nunquam</span> <span class='ocrx_word' id='word_1_207' title='bbox 442 3773 652 3868; x_wconf 88' lang='lat' dir='ltr'>nascantur,</span> <span class='ocrx_word' id='word_1_208' title='bbox 689 3778 816 3853; x_wconf 90' lang='lat' dir='ltr'>intima</span> <span class='ocrx_word' id='word_1_209' title='bbox 841 3797 924 3850; x_wconf 85' lang='lat' dir='ltr'>cum</span> <span class='ocrx_word' id='word_1_210' title='bbox 949 3771 1051 3846; x_wconf 89' lang='lat' dir='ltr'>Peste</span> 
     </span>
     <span class='ocr_line' id='line_1_36' title="bbox 8 3873 1053 3972; baseline 0.01 -40"><span class='ocrx_word' id='word_1_211' title='bbox 8 3873 206 3963; x_wconf 40' lang='lat' dir='ltr'>xconjuntios</span> <span class='ocrx_word' id='word_1_212' title='bbox 229 3877 420 3972; x_wconf 82' lang='lat' dir='ltr'>analogia,</span> <span class='ocrx_word' id='word_1_213' title='bbox 448 3875 492 3948; x_wconf 92' lang='lat' dir='ltr'>ab</span> <span class='ocrx_word' id='word_1_214' title='bbox 516 3874 740 3954; x_wconf 88' lang='lat' dir='ltr'>animalculis</span> <span class='ocrx_word' id='word_1_215' title='bbox 764 3895 911 3972; x_wconf 88' lang='lat' dir='ltr'>quoque</span> <span class='ocrx_word' id='word_1_216' title='bbox 929 3883 1053 3946; x_wconf 83' lang='lat' dir='ltr'>ortum</span> 
     </span>
     <span class='ocr_line' id='line_1_37' title="bbox 19 3961 1002 4146; baseline 0 -100"><span class='ocrx_word' id='word_1_217' title='bbox 19 3961 118 4046; x_wconf 66' lang='lat' dir='ltr'>ducem</span> <span class='ocrx_word' id='word_1_218' title='bbox 142 3985 337 4072; x_wconf 61' lang='lat' dir='ltr'>munim,</span> <span class='ocrx_word' id='word_1_219' title='bbox 363 3971 422 4048; x_wconf 90' lang='lat' dir='ltr'>sed</span> <span class='ocrx_word' id='word_1_220' title='bbox 449 3973 639 4146; x_wconf 46' lang='lat' dir='ltr'>aquaticis.</span> <span class='ocrx_word' id='word_1_221' title='bbox 952 4057 1002 4134; x_wconf 60' lang='lat' dir='ltr'>H</span> 
     </span>
     <span class='ocr_line' id='line_1_38' title="bbox 29 4081 1054 4166; baseline 0.004 -33"><span class='ocrx_word' id='word_1_222' title='bbox 29 4090 32 4101; x_wconf 91' lang='grc'><strong><em>·</em></strong></span> <span class='ocrx_word' id='word_1_223' title='bbox 135 4123 141 4132; x_wconf 93' lang='grc'><em>.</em></span> <span class='ocrx_word' id='word_1_224' title='bbox 571 4091 591 4166; x_wconf 84' lang='lat'>3</span> <span class='ocrx_word' id='word_1_225' title='bbox 994 4081 1054 4136; x_wconf 72' lang='lat' dir='ltr'>lile</span> 
     </span>
    </p>
   </div>
   <div class='ocr_carea' id='block_1_6' title="bbox 0 0 1320 4776">
    <p class='ocr_par' dir='ltr' id='par_1_7' title="bbox 0 0 1320 4776">
     <span class='ocr_line' id='line_1_39' title="bbox 0 0 1320 4776; baseline 0 1"><span class='ocrx_word' id='word_1_226' title='bbox 0 0 1320 4776; x_wconf 95' lang='lat' dir='ltr'> </span> 
     </span>
    </p>
   </div>
  </div>
 </body>
</html>
