2626 4804
88 261 406 352 namucno
436 263 900 354 rannonuu'ronrs.
951 285 1026 376 uo

10 477 56 534 un
69 458 176 546 nole,
202 455 293 530 nulli
317 467 432 530 atam
446 453 559 530 variis
577 468 722 548 tamque
738 453 887 530 diverlis
912 457 1029 531 mania

10 581 49 630 us
62 569 211 630 terantm
227 575 270 626 ac
286 555 484 644 itinerario,
509 575 580 648 qua
600 575 664 648 par
684 553 757 644 est,
783 554 970 650 diligentia
993 553 1030 628 dt

9 653 200 727 ¹ccuratione
215 651 438 748 consignata,
461 673 573 746 quum
589 651 683 726 haud
700 651 807 724 facile
824 651 948 744 suerit,
964 655 1027 748 qui

9 753 72 826 uiis
85 749 184 844 quod
204 748 270 826 suo
289 749 443 824 arrideat
462 750 602 846 palato,
623 749 816 844 quidquam
832 771 908 825 non
923 751 1027 824 inve-

9 851 58 922 iat.
112 847 270 922 Nemini
294 869 386 921 vero
413 847 620 922 mortalium
640 869 751 941 quum
771 849 822 922 ita
838 847 907 922 elle
926 847 1028 924 felici

9 947 178 1042 ontingat,
204 959 246 1020 ut
263 945 441 1040 plurium,
466 945 599 1020 nedum
617 945 780 1020 omnium
797 944 1029 1022 scientiarum

8 1043 167 1118 rtiiundiis
201 1043 417 1120 emetiendis
447 1042 617 1136 sufficiat,
642 1045 681 1118 in
713 1057 852 1121 certum
880 1043 1031 1139 scopum

8 1143 183 1233 tendunt,
213 1153 397 1236 quotquot
417 1142 561 1218 inanem
582 1143 794 1240 regionibus
816 1163 1029 1236 percurrens

8 1241 29 1312 is
48 1261 194 1334 operam
215 1259 293 1314 non
317 1238 497 1317 insumere
523 1239 617 1334 apud
639 1241 797 1316 animum
818 1239 917 1314 suum
939 1263 1030 1316 cone

7 1339 125 1414 :ituunt
181 1337 282 1412 Hinc
298 1336 466 1432 estquod
483 1338 583 1412 canis
601 1337 736 1430 ubique
754 1337 952 1418 inhereant
965 1337 1029 1414 alil

7 1437 179 1510 eustioris
197 1438 268 1508 aevi
285 1437 556 1526 monumentis,
583 1433 753 1510 Historiae
777 1437 895 1510 locem
917 1435 1029 1510 foenc·

7 1535 97 1618 ‘rturi;
123 1535 189 1608 alii
207 1535 243 1608 in
262 1555 318 1624 ea,
339 1555 418 1626 que
436 1534 480 1608 ad
495 1555 619 1608 veram
638 1533 800 1608 civitatis
814 1533 1030 1610 felicitatem

6 1653 45 1722 pua
68 1632 356 1724 demumcunque
383 1633 529 1708 rationo
555 1631 844 1726 promovendam
866 1633 1029 1726 apprimo

6 1728 115 1820 iciant,
133 1731 346 1824 inquirant;
375 1731 451 1818 alii,
466 1751 544 1824 que
559 1725 702 1804 sanitati
717 1729 928 1820 inserviant,
949 1751 1030 1804 cor·

6 1828 69 1900 oris
97 1829 162 1900 vel
186 1827 347 1902 tutando
374 1829 435 1902 vel
464 1826 713 1918 restituendo,
756 1827 845 1902 seire
873 1841 1029 1916 aveantp

6 1927 43 1998 lia
63 1925 220 2021 denique
248 1924 322 2000 alii.
373 1926 517 2005 Horum
544 1926 707 2000 omnium
732 1923 884 2022 vestigia
909 1925 1031 2020 legero

5 2025 159 2112 inobis,
186 2021 362 2116 quidquid
390 2021 443 2098 cst
462 2021 619 2112 virium,
644 2021 809 2116 &hujus
836 2023 1031 2098 excederet

5 2123 97 2214 pelae
111 2123 261 2196 limites.
313 2119 607 2216 Jucundislimum
625 2131 766 2194 tantum
785 2119 1030 2213 HryloriaeNm

5 2225 86 2294 uilis
110 2217 253 2318 ingreffi
277 2239 466 2314 campum,
502 2231 632 2312 utpote
656 2239 763 2310 quem
785 2216 946 2294 nostrum
967 2217 1031 2290 ali·

4 2337 54 2406 quo
63 2319 139 2410 jure
166 2317 362 2392 diceresne
384 2315 459 2408 est,
488 2316 526 2390 in
543 2337 592 2388 eo
610 2313 774 2408 praesenti
794 2337 905 2406 opera
921 2335 1031 2388 occu-

4 2415 159 2508 utimur,
192 2428 235 2490 ut
259 2412 437 2490 succindie
459 2413 689 2488 delinocntur
717 2411 881 2517 quesibi
911 2411 1031 2486 obser·
1097 2415 1102 2428 '

4 2515 87 2586 unda
110 2513 315 2602 existimet,
353 2514 413 2606 qui
433 2521 590 2588 exueras
621 2507 835 2584 salutaturus
859 2509 1031 2605 regiones

4 2627 89 2688 luter
103 2627 243 2690 natorae
261 2609 417 2686 consulti
434 2611 542 2708 digne
561 2607 758 2706 adimplere
776 2609 950 2690 voluerit.
991 2613 999 2626 '
1025 2683 1028 2695 ,

80 2915 213 3014 Tempus
231 2927 373 3001 exteras
391 2913 547 2988 adeundi
564 2925 677 2988 terrac
695 2913 756 3005 qui
775 2911 949 3009 elegerit,
975 2911 1033 2984 vi.

4 3012 103 3098 {csmo
118 3015 250 3108 quinto
264 3013 299 3086 dt
313 3011 494 3104 trigesimo
516 3011 645 3105 quinto
668 3008 784 3084 etatis
802 3031 901 3084 anno
922 3010 1035 3084 intere

4 3127 118 3202 raptum
131 3112 272 3206 optime
285 3109 407 3184 fecilie
422 3108 618 3184 censendus
639 3107 714 3196 est,
733 3129 842 3202 quum
856 3109 928 3200 jam
945 3121 1032 3178 aetac

4 3212 272 3300 tamaturuerit,
298 3222 338 3282 ut
355 3223 475 3282 tamen
493 3229 513 3280 a
528 3205 629 3294 senio
646 3225 724 3280 non
744 3205 898 3278 laboret.
955 3199 1032 3306 Qui

4 3307 244 3382 nnior'itinori
271 3305 383 3380 semet
406 3304 628 3392 accinxerit,
665 3315 902 3398 preterquam
933 3295 1034 3392 quod

4 3400 135 3478 iuribus
152 3403 187 3476 se
204 3403 375 3498 periculis
392 3403 593 3498 expositum
610 3399 811 3488 existimet,
841 3397 966 3472 videat
983 3417 1032 3471 ne

4 3521 90 3576 erum
119 3501 331 3576 destituatur
356 3501 591 3598 cognitione,
624 3519 752 3591 quam,
788 3517 896 3590 quum
930 3495 1032 3570 doml

4 3599 323 3694 aurirepotuerit,
363 3599 396 3672 dt
421 3619 532 3693 opum
557 3598 591 3670 dr
613 3595 812 3690 temporis,
845 3603 1039 3697 nonanto·

4 3695 92 3772 uiuus
111 3698 328 3788 estimandi,
354 3695 488 3789 latiora
505 3717 675 3790 perquam
694 3694 797 3790 gravi
819 3691 915 3788 apud
934 3705 1034 3766 exte·

4 3813 59 3883 os,
85 3798 196 3890 pluris
214 3815 318 3890 quarn
343 3817 412 3889 pro
439 3794 638 3888 opinione,
671 3813 792 3868 emere
816 3789 949 3864 habeat
971 3811 1035 3864 ne·

4 3891 77 3966 lesse.
127 3893 240 3986 Cujus
257 3915 350 3966 vero
370 3893 415 3965 ad
435 3891 651 3966 senectutem
678 3903 764 3964 etas
783 3887 927 3984 vergit,
968 3887 1037 3963 vix

4 3985 283 4088 usquesanitatia
293 3989 487 4090 dispondio
501 3991 706 4066 crebriores
721 3985 894 4074 sustincte
913 3981 1042 4164 potellt

91 4136 97 4148 ·
952 4099 1035 4158 coet
