2626 4804
254 249 431 330 anona
447 235 805 352 truncarunt.
991 281 1060 358 na

91 425 309 504 nonna)
327 435 352 526 (
353 435 449 508 Hans
451 429 475 522 )
499 455 597 510 anno
618 438 774 532 1687-ad
792 437 905 528 hanc,
934 437 1060 516 etiam·

22 527 288 602 nunilotanicis
301 531 486 618 obscuram
504 532 678 624 Insulam,
701 536 735 610 se
748 535 920 622 contulit,
937 535 1057 610 &ma-

24 626 127 698 rinum
150 649 281 701 rerum
306 627 561 720 Naturalium,
588 631 766 728 imprimis
786 655 877 711 vero
899 635 1058 728 Vegeta·

23 722 139 816 bilitnt,
171 725 401 818 conquisivit
426 727 639 807 thesaurum.
688 729 919 828 InAngliam
943 730 1058 806 redux

16 817 133 894 Floram
158 821 282 896 edidit
304 823 582 918 Jamaicensem,
609 827 760 902 nomine
787 831 932 924 Cardogi
951 830 1058 903 Plan·

16 929 119 1005 tarum,
142 943 213 1014 quae
233 927 273 996 in
294 921 408 1018 insula
429 921 586 1024 Jmtaica
598 927 714 1096 {potue
772 934 935 1002 aunuum.
966 927 1056 1000 Lm·

16 1015 63 1084 lin.
94 1020 199 1112 1696.
239 1029 333 1100 8rur.
362 1035 442 1116 pag.
464 1043 545 1114 232.
648 1023 696 1116 aii
773 1023 946 1098 enodum
978 1023 1056 1098 hec

16 1107 100 1184 ilora
125 1115 289 1190 maxime
314 1116 454 1210 servat,
479 1119 513 1192 tr
536 1119 750 1214 Synonyma
777 1123 979 1216 plantarum
1007 1141 1055 1196 ex

16 1203 187 1286 ltinerariis
218 1213 370 1305 omnia,
409 1237 486 1310 qua
516 1217 587 1290 ulla
619 1241 775 1312 unquam
809 1219 952 1293 ratione
982 1219 1056 1292 huc

16 1299 143 1394 petire
159 1311 407 1398 videbantur,
434 1315 644 1390 admirando
665 1315 809 1410 prorsus
831 1315 950 1390 studio
964 1335 1053 1390 con-

16 1407 284 1492 percunctor
308 1410 449 1486 adnisus
473 1411 538 1486 est.
587 1413 644 1486 Et
658 1417 777 1519 prima
804 1411 947 1508 quidem
976 1413 1060 1486 hec.

16 1495 65 1570 luit
87 1501 219 1596 Flora,
256 1529 337 1602 qua
364 1523 466 1582 extra
491 1509 698 1606 Europam,
736 1511 879 1585 erudito
907 1511 988 1585 orbi
1018 1509 1053 1584 sa

16 1597 287 1706 conspiciendam
321 1607 497 1699 praebuit,
537 1629 642 1700 quam
678 1607 862 1704 stupenter
898 1609 1053 1684 Maximi
1136 1651 1140 1662 ·

16 1705 98 1800 tuam
124 1703 396 1793 perlustrabant
423 1705 614 1796 Botanici,
643 1729 724 1782 cum
750 1720 810 1781 tot
836 1729 933 1782 raras
959 1701 1053 1783 inso-

16 1789 76 1864 itas
96 1811 204 1892 atque
226 1823 348 1876 novas
377 1803 545 1877 viderent
569 1806 732 1899 plantas,
757 1827 834 1898 qua
862 1825 1053 1880 numerum

16 1895 68 1994 ‚⁸⁰⁰
92 1893 306 1987 Specierum
342 1899 612 1994 conficiebant,
651 1902 893 1978 adnumeratis
930 1917 1051 1978 tamen

16 1987 161 2066 udustria
184 1997 309 2070 cultis.
391 2052 396 2068 .
430 2053 439 2068 .
859 2030 866 2040 ·

89 2123 279 2225 Tempore
293 2129 447 2228 quodam
465 2131 656 2227 interjecto
674 2131 788 2206 edidit
800 2129 938 2209 Aullor
956 2129 1049 2204 idem

16 2211 241 2304 Nobilillrmus
277 2229 527 2323 Itinerarium,
570 2229 630 2304 seu
669 2231 819 2306 Natural
851 2229 988 2326 History
1017 2221 1058 2322 of

17 2309 166 2414 lentim,
223 2327 363 2406 Toml.
401 2329 516 2403 ‘Laud
553 2347 659 2422 1707.
703 2345 780 2426 pag.
801 2333 883 2418 264„
924 2334 958 2400 ln
984 2323 1052 2419 fol:

22 2413 148 2498 lamii.
174 2425 286 2501 Lond.
303 2446 405 2520 1725.
425 2441 503 2522 pag.
515 2449 598 2522 499.
623 2451 694 2500 cunt
715 2431 834 2500 tabulis
851 2433 943 2498 ontis
963 2445 1046 2516 274.
1182 2453 1187 2466 ·

17 2509 125 2598 lomna
144 2522 302 2618 Anglico.
356 2523 535 2598 Continet
560 2527 632 2597 hoc
660 2545 752 2620 opus
775 2524 876 2597 Loca
901 2522 1049 2614 natalia,

18 2605 283 2714 Descriptiones,
304 2621 398 2696 Usus
413 2621 689 2696 Oeconomicos
705 2621 739 2694 δι
755 2621 939 2711 Medicos,
959 2617 1052 2713 sum-¹

18 2723 61 2778 ma
81 2713 266 2814 diligentia
297 2743 346 2797 ex
374 2720 543 2829 omnihus
575 2719 682 2794 facile
712 2715 1051 2823 Peregrinatoribua¹

22 2805 175 2888 collelios.
228 2814 494 2892 Pretiosrllimus
514 2817 596 2892 sane
614 2818 706 2892 liber
725 2815 798 2909 est,
828 2837 905 2891 non
931 2814 1050 2888 omni-

20 2899 66 2974 bus
93 2909 198 2988 facile
229 2915 414 2990 tironibus
448 2915 639 3012 parabilis,
677 2914 734 2990 sed
761 2913 1049 3010 praeliantiffimis

18 3009 111 3080 tanen
144 3011 336 3087 Botanicis
366 3015 520 3087 omnino
554 3011 778 3088 necell'arius.
845 3011 1048 3120 Difficultas

17 3089 78 3172 heic
93 3105 203 3183 obvia
223 3112 259 3185 in
279 3133 326 3184 eo
347 3110 419 3202 ell,
448 3109 545 3204 quod
561 3109 701 3186 Auctor
716 3131 761 3184 ex
781 3109 920 3184 ficcatis
938 3105 959 3180 s
977 3128 1049 3179 ecr-

17 3194 170 3296 ninibus,
203 3229 282 3283 non
308 3207 444 3304 semper
475 3205 647 3304 optimis,
683 3207 832 3302 Figuras
865 3131 1049 3316 conticere

18 3297 169 3400 lucellum
192 3305 340 3398 habuit,
371 3305 541 3402 quodque
570 3305 614 3378 ad
643 3303 766 3378 Partes
800 3299 1047 3378 srudlilicano·

18 3405 59 3462 ssls
75 3403 257 3478 attendere
279 3404 378 3478 orbis
397 3403 559 3478 nondum
581 3401 780 3493 dididerat,
807 3400 902 3476 unde
917 3399 1050 3474 fastum

18 3483 71 3576 ist,
92 3509 130 3569 ut
149 3501 341 3576 maximam
358 3502 446 3576 licet
464 3501 669 3575 adhibuerit
686 3499 826 3573 Auctor
851 3519 973 3572 curam
997 3509 1048 3608 at·

18 3601 70 3694 que
90 3587 329 3694 diligentiam,
354 3601 466 3674 multa
480 3613 599 3674 tamen
614 3595 847 3694 Vegetabilia
860 3593 1048 3670 Botanicts
1076 3645 1083 3658 ·
1110 3630 1116 3643 ·

18 3693 104 3762 tuam
127 3695 428 3792 perspicacilfimis
454 3695 523 3771 srnt
551 3695 711 3771 obscura.
800 3765 803 3772 .

92 3827 314 3912 BROWNE
332 3839 356 3932 (
365 3831 524 3924 liumus)
542 3837 596 3910 M.
607 3835 657 3910 D.
676 3835 816 3931 Anglus
832 3853 948 3928 nuper
965 3851 1048 3904 ean·
1130 3909 1132 3916 ,

18 3909 81 4044 'den
104 3929 193 4010 hauc
222 3933 375 4028 Iniuriam
409 3933 671 4128 ammtglingam
701 3923 817 4076 adiit,
856 3943 893 4008 et
927 3927 1051 4100 leiapn
