2714 4768
255 315 301 407 36
511 409 514 416 Ι
576 300 747 380 monn
776 301 992 380 ommes.

254 491 464 563 Britannicas
480 483 701 579 participans
714 472 867 578 plantas,
890 486 981 558 mira
995 484 1039 558 ad
1052 485 1128 559 haec
1145 482 1310 580 stirpium

255 593 453 660 mutuarum
479 596 585 674 atque
607 590 843 668 maritimarum
866 583 1052 656 affluentes
1079 584 1196 678 copia.

351 682 439 755 Haec
467 681 531 751 ista
561 702 653 752 vero
681 681 816 765 Dauid,
855 703 962 772 quum
991 681 1154 752 Collibus
1188 683 1304 774 elatis,

255 779 473 856 Monticulis
491 778 687 866 cretaceis,
711 778 824 850 Pratis
841 777 1025 882 depreffis,
1052 777 1197 871 Campis
1214 782 1305 873 apri-

255 881 334 968 cis,
371 877 493 970 Sylvis
522 897 564 948 ac
591 875 746 948 Saltibus
775 875 978 966 frondosis,
1018 875 1244 949 Nemoribus
1275 877 1307 950 b

254 975 365 1052 Lucis
392 975 587 1063 umbrosis,
617 972 724 1067 Agris
753 972 941 1065 Cultisque
968 973 1169 1065 fertilibus,
1194 973 1307 1050 Arvis

255 1071 449 1166 requietis,
478 1069 618 1144 Pascuis
640 1084 746 1162 atque
764 1070 955 1143 Ruderatis
977 1071 1144 1161 incultis,
1168 1071 1307 1146 Paludi-

255 1173 323 1246 bus
356 1168 545 1264 caespitofis
572 1190 614 1240 ae
643 1167 848 1262 uliginosis,
883 1168 1061 1241 Amnibus
1091 1167 1308 1262 Rivulisque

256 1266 601 1356 intercurrentibus,
636 1265 778 1361 Stagnis
807 1265 959 1357 quietis,
987 1265 1166 1339 Fontibus
1194 1265 1308 1339 scatu-

256 1365 455 1453 rientibus,
482 1364 644 1436 Muribus
665 1365 903 1454 abuentibus,
928 1365 1149 1455 multumque
1164 1363 1209 1436 ad
1227 1365 1308 1438 coeli

257 1465 484 1536 elementiam
501 1483 541 1534 ac
560 1460 624 1534 soli
646 1460 870 1534 fertilitatem
891 1460 1130 1551 facientibus,
1157 1460 1308 1535 Litteri-

257 1563 323 1636 bus
346 1560 522 1649 arenosis,
548 1558 680 1631 limosis
696 1572 766 1631 cet.
793 1559 835 1632 srt
858 1557 1046 1647 instrusta,
1073 1580 1149 1632 non
1174 1559 1306 1652 potest,

258 1659 345 1751 quin
365 1659 435 1728 rite
451 1657 624 1740 scrutata,
651 1679 820 1749 acusque
837 1679 963 1728 omnes
979 1669 1183 1750 perreptata
1198 1677 1308 1751 angu-

257 1758 337 1844 los,
366 1755 475 1849 longe
504 1753 709 1826 uberiorem
740 1754 986 1846 latioremque
1019 1754 1193 1847 plurium,
1233 1775 1308 1846 quae

259 1851 447 1946 Kyllingio
468 1849 503 1924 se
522 1850 775 1942 subduxerint,
801 1854 1002 1944 plantarum
1024 1851 1172 1924 Mellem
1191 1851 1308 1924 Flore

257 1948 388 2023 nostrae
412 1946 625 2043 profiteatur
646 1961 753 2040 atque
771 1949 1008 2042 polliceatur,
1034 1947 1132 2041 quod
1156 1951 1229 2042 jam
1249 1949 1309 2022 du·

258 2047 342 2119 dum
365 2047 408 2118 de
429 2049 590 2138 Kellhrgii
614 2049 778 2119 Viridario
801 2045 897 2118 suurn
920 2046 1108 2139 proferens
1135 2047 1310 2140 judicium

259 2145 435 2218 divinitus
456 2143 678 2239 praesagivit,
703 2143 796 2218 sama
812 2144 914 2237 super
936 2145 1067 2216 aethera
1089 2159 1223 2235 notus,
1254 2147 1307 2218 Ol.

258 2244 459 2317 Borrichius.
512 2240 561 2313 lis
584 2241 729 2315 interim
747 2242 784 2315 in
806 2241 1048 2333 posteriorum
1064 2263 1229 2344 curarum
1246 2263 1310 2316 nu-

258 2361 360 2414 mero
391 2339 577 2431 repofitis,
609 2341 676 2410 hac
706 2339 790 2410 vice
815 2339 853 2410 in
880 2341 974 2413 Petri
998 2342 1181 2433 Kylliugii,
1207 2343 1311 2432 cujus

248 2435 483 2512 'mentionem
513 2449 619 2507 antea
651 2434 776 2508 debito
804 2433 919 2508 sumus
946 2435 1088 2510 honore
1113 2438 1311 2530 prosecuti,

262 2539 410 2626 Catalogo
433 2534 506 2606 sive
537 2535 701 2606 Viridario
724 2533 904 2627 praecipue
934 2533 1179 2626 acquiescere,
1211 2538 1312 2628 plan-

259 2645 385 2722 tasque
403 2631 537 2703 ibidem
558 2630 810 2722 alphabetico,
838 2633 977 2726 anobis
993 2644 1110 2704 autem
1128 2633 1187 2705 hic
1204 2631 1311 2726 syste-

258 2727 394 2804 matico
416 2728 545 2800 ordine
574 2727 764 2801 secundum
792 2729 965 2802 Genera&
988 2726 1104 2827 Claffer
1124 2731 1311 2824 Sqllenmtir

250 2829 399 2927 seruulis
418 2825 601 2918 dispositas
616 2826 825 2918 percensere
841 2847 942 2898 mens
959 2826 1029 2915 est,
1054 2827 1224 2900 adhibitis
1241 2831 1313 2902 No·

258 2925 418 3008 minibus,
442 2937 483 2995 ut
500 2921 708 2995 brevillimis
732 2923 782 2996 ita
806 2924 890 2996 huic
908 2925 1096 3016 proposito
1116 2923 1311 3016 aptillimis,

260 3023 448 3096 trivialibus
467 3022 578 3112 vulgo
596 3019 719 3111 distis,
743 3044 834 3113 quar,
859 3021 1074 3093 hecatombe
1092 3022 1218 3116 digna,
1247 3045 1312 3098 no·

259 3119 395 3203 viffime
420 3117 581 3190 secundis
605 3118 732 3190 avibus
753 3117 1002 3192 invenirem
1024 3121 1191 3214 Speciebus
1211 3123 1314 3194 Plan·

259 3234 367 3292 tarum
392 3215 595 3309 divulgavit
620 3215 669 3286 N.
689 3238 856 3306 rumsns,
883 3216 996 3288 totius
1020 3216 1188 3289 Historiae
1209 3232 1315 3292 natu·

259 3315 343 3388 ralis
370 3313 602 3384 Restaurator
629 3334 671 3384 ac
695 3335 795 3385 meus
822 3336 887 3407 per
909 3314 1192 3406 quinquennium
1220 3319 1312 3410 ejus·

260 3413 343 3486 dem
370 3411 485 3482 Studii
513 3409 622 3498 Dux,
653 3423 825 3483 aetemum
854 3411 1049 3499 colendus,
1085 3410 1312 3508 Appendicis

259 3511 347 3584 loco
372 3507 415 3580 ad
438 3510 572 3580 calcem
593 3506 743 3580 seorsum
768 3509 894 3600 positis
917 3511 1046 3582 Plancis
1071 3514 1197 3596 isatis,
1224 3531 1312 3602 quas

134 3677 138 3688 ,
260 3608 358 3680 forte
378 3618 482 3677 extra
505 3626 649 3702 omnem
670 3604 907 3679 dubitationis
931 3609 1043 3679 aleam
1059 3620 1174 3700 ponet
1192 3607 1314 3680 futura

260 3717 518 3872 ataspmlixas
538 3795 725 3872 nominum
743 3801 906 3892 Kyllingii
922 3797 1157 3892 allegationes
1177 3801 1214 3872 in
1233 3802 1315 3874 bre·

258 3895 398 3971 vissimo
424 3897 539 3968 hocce
561 3895 783 3986 compendio
807 3897 1027 3986 evitaturus,
1051 3895 1240 3990 stirpibus,
1271 3899 1316 3969 ad

258 4017 371 4070 unum
391 3993 583 4085 omnibus,
613 3995 775 4068 Viridarr'i
794 3993 975 4076 nominati
996 4015 1017 4067 a
1040 3994 1158 4090 eapite
1180 3995 1222 4067 ad
1243 3998 1315 4066 cal-

1232 4113 1314 4168 cem
