2630 4776
305 276 374 335 110
404 181 823 334 TnnltstJTATlo
851 253 1260 340 FRUMENTORUM.

300 451 362 510 tur,
387 437 544 530 perlate
572 435 702 515 dissitas
732 438 808 530 ejus
821 439 1054 531 provincias.
1105 440 1223 514 Debet
1246 443 1296 522 eois

299 535 522 608 considerare
543 537 689 608 Gemnus
716 537 1164 630 arborumtrplantarum,
1189 541 1296 618 utscia

300 656 378 727 quae
400 634 539 724 hyemis
560 633 826 706 vehementiam
849 634 980 708 ferant.
1031 637 1155 709 Debet
1182 642 1296 720 Vernos}

296 755 367 806 aem
386 733 553 802 arborum
576 729 787 818 observare,
816 745 857 803 ut
878 731 984 824 sciat,
1010 755 1084 826 quo
1101 734 1222 807 ordine
1240 729 1296 812 fros

298 828 451 902 descant.
502 829 626 899 Debet
648 831 869 902 calendariam
886 828 914 902 F
916 831 1002 902 lorae
1024 831 1069 904 ad
1091 853 1212 905 manus
1234 831 1296 904 habs

296 948 357 1015 re,
384 939 424 998 ut
447 926 649 1018 plantarum
675 938 818 1018 tempus
840 927 993 1000 florendi
1022 927 1296 1020 perspiciamus

295 1024 407 1098 modo
423 1045 516 1094 nnus
532 1021 696 1116 flospost
714 1025 862 1096 alterum
878 1023 972 1118 justo
991 1025 1120 1099 ordine
1133 1027 1296 1119 explicetur

295 1121 419 1194 Debet
436 1122 649 1212 Horologium
661 1121 689 1192 F
691 1122 778 1192 lorae
798 1124 952 1210 intueri,
980 1137 1021 1196 ut
1041 1122 1148 1215 sciat,
1175 1145 1237 1216 qua
1247 1123 1296 1200 hm

295 1219 368 1292 diei
397 1220 506 1290 flores
527 1219 752 1310 explicentur
775 1233 837 1292 aut
858 1221 1081 1294 claudantur.
1131 1222 1245 1293 Debet
1258 1223 1296 1302 Str

294 1325 392 1393 tiones
415 1318 616 1410 plantarum
638 1316 863 1407 examinare,
892 1332 934 1390 ut
948 1319 1037 1390 sciat
1058 1341 1130 1410 quo
1152 1315 1296 1392 inlotos

295 1438 364 1510 qua
392 1416 429 1487 in
458 1427 553 1486 terra
582 1413 723 1508 singule
752 1415 983 1507 proveniant.
1045 1415 1168 1489 Debet
1195 1419 1296 1508 Sanan

292 1517 494 1608 plantarum
525 1513 731 1600 attendere,
765 1524 807 1584 ut
836 1513 1013 1607 intelligat
1040 1535 1159 1586 earum
1184 1513 1296 1605 quietes

292 1611 516 1685 nosiurnam.
568 1608 691 1680 Debet
713 1611 861 1703 Nuptias
888 1612 1090 1702 plantarum
1117 1613 1252 1697 intrare,
1276 1623 1296 1678 u

291 1709 436 1795 videat,
464 1706 649 1798 quomodo
669 1721 886 1798 generentur
908 1708 945 1780 in
972 1709 1064 1782 flore
1085 1708 1228 1797 semina,
1249 1705 1296 1798 pol

291 1807 374 1879 linis
393 1803 516 1896 illapsu
539 1803 641 1895 supra
662 1802 821 1876 roridum
836 1804 970 1900 stigma.
1021 1805 1146 1880 Debet
1159 1805 1296 1880 'Meron

285 1903 395 2002 pbofio
420 1902 624 1974 Plantarum
654 1913 792 1972 attente
817 1900 935 1994 sequi,
966 1916 1009 1974 ut
1040 1904 1229 1998 intelligat,
1255 1917 1296 1988 qua

291 2002 435 2075 ratione
463 2000 533 2072 flos
557 1998 591 2070 δι
615 1997 733 2070 semen
765 1997 840 2072 siat.
903 2000 1028 2072 Debet
1057 2024 1076 2073 a
1106 2001 1296 2074 Pandoras'o

280 2104 441 2198 „pedorum
462 2094 662 2186 addiscere,
684 2118 767 2189 quae
790 2097 922 2190 plante
936 2099 1045 2171 certis
1062 2097 1200 2172 inseiiis
1215 2095 1296 2168 cibun

289 2197 495 2293 prebeant,
521 2197 553 2268 ds
571 2217 591 2266 a
607 2197 697 2268 Pone
716 2194 892 2284 Suecico,
920 2217 1083 2287 quaenam
1105 2197 1225 2290 plante
1243 2209 1296 2262 con

289 2296 493 2381 sunrantur,
513 2294 693 2381 resnou,
719 2293 959 2382 aphytivoris
978 2295 1227 2366 mammalibus.
1252 2285 1296 2357 ns

289 2394 353 2464 bet
377 2393 501 2463 Hortos
527 2390 661 2459 intrare
681 2387 909 2474 Academicos,
942 2392 1003 2461 ubi
1025 2393 1170 2462 millena
1193 2383 1296 2470 semina

290 2485 486 2583 quotannis
514 2507 534 2555 e
558 2484 672 2576 plagis
699 2484 936 2559 remotissimis
967 2489 1068 2562 orbis
1097 2485 1250 2572 advetia,
1271 2476 1296 2550 sel

289 2597 438 2672 runtur,
465 2581 664 2672 devidere,
686 2582 784 2673 quod
802 2583 934 2675 fingula
950 2601 1121 2677 promant
1135 2584 1221 2658 suam
1233 2579 1296 2672 plau

172 2702 176 2716 ‘
290 2697 387 2773 tam,
414 2702 482 2754 nec
503 2679 620 2752 aliam.
662 2677 785 2752 Debet
802 2702 821 2752 a
837 2684 1011 2755 Generibus
1027 2686 1296 2775 piammonem

289 2803 329 2854 re
354 2776 561 2852 constantes
582 2773 869 2852 fructificationis
896 2779 1128 2853 charatieres.
1175 2773 1296 2876 Debett

290 2880 460 2975 Speciebus
489 2875 688 2968 plantarum
711 2875 939 2968 intelligere,
969 2899 1041 2968 quo
1066 2879 1102 2950 in
1127 2879 1207 2950 loco
1231 2867 1296 2960 orbis

288 2975 430 3070 singulae
446 2974 583 3066 plante
610 2969 737 3063 sponte
766 2973 935 3070 crescant.
985 2974 1111 3048 Debet
1138 2971 1296 3060 deniquet

289 3073 494 3168 Philosophia
514 3073 657 3142 bocaico
677 3069 739 3142 srbi
762 3069 960 3163 perspestas
983 3073 1152 3160 reddere,
1175 3087 1243 3160 que
1262 3057 1296 3168 dt

218 3171 220 3178 ’
287 3183 379 3247 cunt
405 3169 449 3243 ad
467 3168 590 3242 Partes
611 3166 871 3240 constituentes
899 3170 1120 3261 plantarum,
1149 3167 1191 3240 ad
1208 3165 1293 3270 Vara

287 3285 405 3360 tates,
435 3266 479 3340 ad
494 3265 689 3356 Habitum,
715 3265 758 3336 ad
773 3265 1174 3358 Ordinesnaturales'&
1187 3259 1296 3363 requua

289 3369 379 3444 Haec
412 3363 535 3438 omnia
568 3385 651 3436 cum
676 3365 714 3436 in
747 3363 814 3436 hac
849 3363 922 3456 ipsa
956 3364 1150 3438 Academia
1180 3357 1296 3456 fellerus

285 3485 396 3558 apuam
420 3462 519 3536 forte
548 3460 659 3556 alibi,
693 3462 836 3532 exculte
869 3460 960 3551 sint,
990 3462 1098 3534 etiarn
1119 3455 1248 3533 facilius
1269 3441 1296 3552 th

289 3560 540 3644 addiscuntur,
565 3569 607 3629 ut
631 3556 691 3630 hic
713 3559 816 3652 pejus
842 3571 981 3636 erretur
1003 3559 1048 3632 de
1067 3558 1149 3649 via,
1169 3537 1296 3647 quanti

289 3660 379 3736 loco
402 3657 475 3728 alio
503 3655 590 3728 ullo.

1100 3729 1120 3786 a

387 3851 494 3925 Novi
516 3850 703 3944 equidem,
723 3749 930 3942 {suilgut
954 3809 1296 3941 metamorphosis&

281 3949 443 4034 realium
472 3945 812 4046 strenuissimis
838 3940 958 4028 uicti
972 3946 1044 4024 drot
1063 3933 1296 4096 inrooeudtsslg
