2604 4786
278 228 354 300 sar
466 177 696 304 'smuuu
729 219 1111 301 srtomoutuu.

388 539 444 592 ιο.
476 408 754 616 Οισὶαᾰωιαζαῖ
764 402 1043 594 RlsAgXULAE
1068 511 1216 594 FORO.
1278 553 1279 558 ,

219 677 230 704 .
354 631 484 709 Tubus
510 635 746 728 intestinalis,
775 634 912 710 summo
932 639 1034 731 jure,
1056 636 1178 730 platea
1198 645 1279 724 corp

274 731 326 806 ris
349 732 463 807 nostri
489 731 642 823 dicisum
672 735 732 828 qui
755 735 793 810 in
816 733 903 808 duas
927 732 1105 807 dividitur
1121 731 1218 817 vias,
1240 737 1279 819 qul

275 850 354 903 rum
374 851 465 922 una,
490 833 535 906 ab
555 831 731 906 anteriori
752 844 880 927 porta,
907 854 973 904 ore
989 845 1099 926 puta,
1129 827 1172 902 ad
1191 828 1279 900 form

276 927 389 1000 altera
407 951 497 1002 vero
519 951 539 1001 a
556 927 641 1003 foro
663 930 707 1004 ad
726 932 863 1004 exitum
885 928 1040 1003 ducitur.
1093 927 1214 1000 Nemo
1233 913 1279 998 lad

274 1021 397 1099 senum
415 1027 598 1100 incurvari
616 1028 783 1122 ignorat,
810 1050 936 1101 eorum
954 1025 1155 1121 imprimis,
1181 1043 1245 1116 quo

276 1123 403 1198 dentes
433 1125 539 1219 elapsi
571 1123 662 1199 sunt.
731 1125 940 1218 Obstipatio
961 1126 1064 1214 alvi,
1086 1117 1264 1214 frequenti

274 1242 373 1295 mum
404 1222 559 1312 malum,
592 1243 709 1298 annos
741 1222 885 1297 infestat
914 1223 1063 1311 seniles,
1092 1218 1192 1315 quod
1215 1239 1243 1290 m

273 1319 367 1410 lam,
394 1321 483 1392 licet
500 1342 647 1396 omnem
660 1333 838 1398 moveant
851 1321 1014 1418 sapidem
1031 1319 1195 1410 Medici,

275 1418 389 1492 rarius
420 1415 589 1492 admittit.

486 1595 541 1650 11.
569 1573 704 1667 Dejesla
726 1571 938 1648 SONORA
966 1561 1138 1647 molitione.

350 1691 535 1788 ,Juvenes
559 1690 672 1763 ferme
704 1687 784 1764 sunt
810 1691 943 1788 garruli
963 1689 996 1761 da
1016 1689 1212 1784 loquaces,

274 1813 345 1884 que
374 1810 501 1862 eorum
530 1787 578 1860 ad
603 1789 826 1881 loquendum
855 1791 1066 1883 plerumque
1102 1785 1260 1881 reperiun

271 1889 419 1984 patula3
447 1884 556 1961 senex
580 1906 673 1959 vero
697 1887 812 1962 vitam
832 1885 975 1963 filentio
1008 1885 1227 1982 transigens,
1278 1963 1279 1972 Ν

272 1986 448 2075 verbum,
475 1984 539 2060 nist
564 1982 696 2058 summa
720 1998 846 2082 urgeat
873 1981 1078 2073 necesitas,
1106 1973 1279 2058 balbutiens

272 2095 350 2158 tum
371 2081 512 2177 profert
529 2103 606 2156 ore.
657 2084 779 2156 Vari-ae
799 2085 904 2176 hujus
927 2080 1057 2157 silentii
1083 2079 1209 2156 caussa
1226 2076 1279 2150 sunl

272 2180 421 2256 musculi
446 2180 582 2253 tardius
608 2181 845 2274 jammotum
873 2193 1067 2273 exercent,
1102 2179 1279 2269 labia,‚q

272 2280 375 2376 pueri
394 2279 528 2353 habent
553 2279 647 2370 quast
671 2293 775 2352 acuta
793 2280 826 2352 u
844 2279 1062 2368 decurvata,
1087 2275 1228 2352 senibus
1244 2271 1279 2358 su

271 2379 354 2451 laxa
386 2377 420 2449 dt
452 2377 506 2447 ori
534 2376 688 2468 inflexa,
735 2398 808 2470 quo
844 2376 1028 2470 eloquium
1063 2376 1185 2450 minus
1212 2369 1264 2446 red

271 2473 582 2646 tursdistindlum,
617 2494 665 2549 ne
693 2471 810 2548 dicam
833 2473 878 2548 de
903 2473 1145 2550 trementibus
1176 2475 1272 2565 loque

272 2592 331 2646 mu
348 2573 451 2645 culis.

392 2731 449 2783 12.
476 2711 525 2785 Er
538 2713 654 2808 surget
677 2713 719 2786 nd
740 2706 929 2786 VOCEM
952 2707 1209 2786 AVICULAE.
1278 2757 1279 2816 ,

366 2825 529 2918 Embryo
566 2827 603 2900 in
632 2840 739 2902 utero
765 2843 933 2902 materno
963 2830 1145 2918 continuo
1171 2824 1279 2919 sepulti

271 2923 479 2998 estiomuo.
532 2922 694 3000 Infantes
711 2947 788 3000 non
811 2926 910 3021 prius
929 2925 1197 3023 expergefiunt,
1220 2939 1279 3015 qua

269 3022 446 3114 esuriant,
471 3021 722 3116 extindlaque,
749 3025 899 3100 uberum
926 3025 1037 3116 laile,
1063 3025 1181 3115 same,
1209 3017 1279 3094 stati

268 3121 306 3195 in
338 3118 571 3195 dulcissimum
607 3119 774 3216 soporem
809 3123 1029 3199 relabuntur.
1092 3120 1279 3197 Pueritiat

266 3219 408 3294 medios
430 3239 544 3312 usque
564 3219 662 3309 dies,
691 3219 728 3290 in
753 3233 940 3313 utramque
960 3241 1081 3304 aurem
1105 3217 1219 3294 otiose
1238 3214 1279 3288 du

266 3318 357 3407 mit,
390 3317 479 3390 licet
505 3339 570 3410 per
599 3331 715 3391 totam
744 3316 887 3391 nodiem
915 3319 1007 3392 altus
1033 3317 1117 3394 illos
1139 3315 1279 3409 amplexa

267 3414 386 3487 fuisset
408 3413 575 3500 somnus;
601 3415 758 3509 ideoque
780 3415 818 3489 in
838 3417 910 3490 hoc
930 3417 1020 3490 orbe
1041 3415 1162 3491 sensim
1186 3409 1259 3489 sens

268 3532 359 3602 que,
386 3513 497 3607 magis
521 3512 705 3608 magisque
724 3512 960 3608 evigilemus,
989 3513 1119 3607 &quo
1148 3511 1279 3590 seniord

269 3628 315 3679 eo
335 3609 445 3702 magis
470 3610 624 3684 obnoxii
650 3610 786 3705 vigiliis
810 3611 1022 3701 evadimus,
1046 3626 1087 3685 ut
1106 3599 1279 3694 tandems

266 3727 351 3791 taes,
379 3721 448 3778 nos
464 3705 707 3800 sepenumero
727 3719 824 3780 totas
843 3709 1060 3804 pervigilare
1079 3709 1215 3795 nosses,
1238 3699 1279 3778 nu

264 3803 370 3895 laque
386 3799 526 3896 soporis
542 3805 733 3880 dulcedine
748 3803 864 3897 refici,
882 3828 1084 3899 queramur,
1106 3827 1183 3900 quo
1199 3819 1279 3892 tamn

265 3901 363 3974 vires
394 3899 547 3976 mirislce
574 3901 795 3978 roborantur
820 3925 861 3978 ac
887 3903 1141 3980 restaurantur.
1198 3895 1279 3976 Pueri

1242 4009 1279 4068 rat
