2714 4768
249 237 295 310 16
420 297 421 302 .
524 249 526 256 ¹
556 161 727 306 mortui
755 227 992 320 oLAsslcls

246 410 433 503 militiam,
464 407 524 484 sed
550 410 802 506 captivitatem
829 409 906 485 fere
930 412 1085 503 ducant,
1115 411 1201 489 huic
1234 411 1302 486 ita·

247 533 316 604 que
335 509 467 582 morbo
488 521 592 582 tanto
617 507 829 582 viciniores.
883 507 1086 583 Observatu
1100 509 1303 602 jucundum

245 607 338 698 fuit,
363 629 450 698 eos,
475 609 536 699 qui
557 606 724 680 mercede
740 605 1037 680 conducebantur
1060 607 1306 702 (enrqullerada

242 712 303 798 prb
316 702 477 800 sirhprde
498 698 705 791 Bi’tsmdn),
731 727 884 796 quorum
904 706 1059 778 lautiora
1077 702 1302 799 suntstipen-

246 803 325 894 dia,
357 801 501 875 meliori
530 803 564 884 &
590 803 735 892 aniinO,
769 803 1044 876 &valetudine
1066 799 1300 897 graffantibus

245 901 384 974 morbis
400 898 576 991 restitilse,
598 900 871 994 facilioremque
887 902 995 995 longe
1013 915 1183 993 expertos
1197 897 1301 972 fuisse

143 989 155 1018 ²
246 998 473 1072 medicinam.
546 999 731 1103 Quocirca
769 997 967 1093 optandum
1004 997 1155 1070 omnino
1197 995 1300 1090 effet,

246 1110 290 1170 ut
310 1098 447 1188 majora
471 1086 711 1170 statuerentur
734 1096 804 1169 illis
831 1118 984 1190 operum
1010 1095 1178 1190 praemia,
1209 1115 1303 1188 quo·

245 1216 326 1268 rum
345 1193 405 1288 spe
430 1193 464 1269 u
486 1194 734 1290 emolumento
757 1195 929 1284 excitati,
963 1193 1126 1268 &vitam
1146 1192 1180 1267 ur
1198 1193 1303 1267 labo·

246 1314 305 1368 res
328 1292 413 1367 suos
430 1292 542 1390 magis
564 1291 811 1385 aequanimiter
834 1293 1045 1366 tolerarent.

689 1491 724 1582 q.
773 1485 855 1562 xu.

345 1631 467 1706 Altera
498 1652 599 1722 aque
631 1629 833 1704 communis
871 1629 1081 1702 morborum
1117 1620 1224 1720 cauffo
1261 1621 1303 1699 iu

248 1743 424 1822 corrupto
449 1729 512 1801 illo
531 1726 776 1801 &intercluso
800 1727 861 1801 sub
885 1726 1016 1821 parada
1037 1733 1119 1799 aere
1144 1725 1206 1798 fita
1233 1721 1303 1816 est,

248 1848 332 1900 cum
347 1827 429 1899 beic
446 1826 521 1900 loci
537 1824 787 1920 quadringenti
802 1821 1067 1919 saepenumero,
1093 1825 1303 1916 pluresque,

195 2015 198 2022 Ι
249 1937 342 2016 quot
368 1917 449 2019 capi
482 1923 646 2017 poliunt,
681 1924 868 2012 homines,
899 1921 1001 2017 supra
1032 1921 1223 2015 subterque
1256 1918 1305 1992 ad

247 2021 575 2116 latera„haleeum
599 2019 730 2112 instar,
755 2019 943 2115 stipentur.
1019 2071 1025 2078 -

258 2224 265 2234 .
345 2162 417 2236 Sex
435 2183 555 2236 rerum
576 2181 655 2236 non
671 2162 886 2238 naturalium
907 2163 1109 2258 principem
1130 2183 1225 2236 nam
1246 2162 1307 2235 io·

249 2261 334 2337 cuin
355 2260 567 2352 tribuimus,
581 2253 728 2353 'utpote
755 2282 860 2352 quem
881 2261 920 2334 in
941 2263 1033 2340 banc
1054 2263 1172 2334 lucem
1197 2259 1309 2352 editi,

247 2360 405 2456 primum
431 2355 637 2448 haurimus,
674 2376 819 2448 quoque
849 2356 1032 2450 destituti,
1065 2380 1113 2432 ne
1140 2379 1308 2432 momen·

247 2471 327 2530 tum
348 2455 462 2528 vitam
484 2453 614 2527 vivere
639 2455 851 2528 valeremus.
902 2455 994 2530 Non
1016 2457 1194 2548 candela,
1223 2477 1310 2551 quae

248 2555 323 2630 stne
346 2557 432 2627 aire
457 2550 716 2647 exstinguitur,
744 2549 774 2624 is
797 2552 930 2649 magis,
962 2577 1067 2647 quam
1093 2554 1222 2643 nobis,
1250 2553 1311 2627 est

249 2650 476 2728 neceliarius.
534 2649 750 2724 Animantes
779 2651 876 2725 enim
908 2674 1035 2725 omnes
1073 2652 1125 2724 ita
1154 2650 1310 2745 respira·

251 2753 356 2824 tione
386 2749 479 2823 aleris
506 2747 758 2835 sustinentur,
778 2763 820 2821 ut
842 2749 937 2823 :loco
971 2750 1164 2844 quopiam,
1196 2771 1312 2841 quem

250 2846 391 2943 spiritui
421 2846 574 2921 introire
603 2844 833 2938 pendatur,
862 2847 1008 2936 inclusi,
1034 2870 1122 2920 mox
1149 2845 1312 2936 animam

251 2958 414 3042 ponant,
446 2942 634 3038 postquam
658 2941 946 3040 circumscriptus
975 2944 1040 3018 ista
1066 2945 1216 3040 regione
1242 2951 1312 3020 a'e‘r

249 3044 442 3141 pulmones
460 3041 578 3116 omnis
597 3042 858 3136 permeaverit:
885 3064 1003 3136 eoque
1020 3043 1058 3115 id
1078 3043 1204 3140 magis,
1229 3063 1313 3134 quo

251 3143 387 3218 certius
417 3137 490 3230 est,
520 3151 708 3234 receptum
734 3138 840 3213 semel
871 3141 1104 3234 pulmonibus
1130 3148 1248 3214 a‘e'rem
1272 3139 1314 3212 dc

251 3240 434 3330 emilium,
467 3237 493 3312 li
522 3237 653 3310 iterum
678 3237 715 3309 in
741 3236 889 3311 eosdem
917 3237 1062 3329 redeat,
1091 3260 1184 3332 puro
1215 3237 1314 3311 licet

252 3337 503 3426 intermixtus,
531 3335 660 3410 damna
685 3331 827 3408 afferre.
876 3333 963 3408 Sive
990 3359 1036 3409 ex
1062 3348 1184 3410 mente
1213 3335 1322 3428 phy,

252 3437 428 3525 ficorum,
462 3431 683 3505 elasticitatis
713 3428 780 3504 sua
808 3432 846 3507 in
874 3434 1104 3528 pulmonibus
1132 3431 1314 3527 januam

253 3535 285 3608 is
307 3533 439 3621 faciat,
463 3531 536 3604 live
553 3529 625 3602 alio
648 3530 719 3604 boc
736 3527 800 3602 fiat
818 3530 953 3623 modo,
979 3531 1088 3604 nobis
1110 3531 1314 3628 incertum,

253 3653 329 3705 rem
360 3643 480 3703 tamen
518 3626 627 3723 ipsum
658 3629 768 3723 longa
802 3629 874 3721 jam
906 3629 1039 3702 dudum
1080 3629 1317 3722 experientia

253 3727 521 3824 comprobavit.
581 3723 714 3817 Neque
747 3747 838 3798 vero
871 3727 1100 3822 ignoramus,
1133 3727 1317 3820 pinguem

255 3829 289 3903 u
305 3838 515 3918 corruptum
533 3821 709 3919 pestiferis
724 3822 1014 3897 exhalationibus
1029 3831 1161 3914 aerem,
1183 3844 1317 3897 excre-

253 3941 532 4016 mentorumque
550 3939 704 3996 rancore
724 3919 909 4016 fetidum,
931 3933 1071 4004 tantum
1097 3921 1205 3998 nobis
1231 3920 1318 3996 offi-

1209 4039 1317 4114 cere,
