2714 4768
21 186 30 206 ⁸
110 270 170 298 .·
232 277 280 330 22
495 251 669 331 annau
701 249 1083 343 ursnususrsz.

232 428 377 526 existit,
404 445 466 508 aut
485 431 607 510 saltem
623 435 721 528 quod
738 435 832 528 apex
846 435 919 510 nasi
935 436 970 508 &
986 446 1147 507 extrema
1165 425 1301 530 digito·

233 554 315 606 urm
340 530 454 627 frigus
479 531 658 624 sentiant,
690 554 853 629 egetque
883 533 1088 621 anxietate,
1120 553 1199 624 quae
1224 534 1306 624 ple-

236 649 389 723 rumque
407 627 452 704 ad
469 629 724 726 paroxysmum
743 630 988 724 vespertinum
1013 629 1138 718 durat,
1168 629 1302 702 afficia-

233 737 307 801 tur.
356 725 413 800 Ita
428 732 547 803 alterni
564 733 630 803 dier
647 750 744 824 aegro
763 729 914 821 reliquis
929 731 1039 824 longe
1057 727 1137 800 sunt
1154 725 1299 822 gravio-

235 847 308 898 res.
357 820 416 898 Ex
433 821 530 899 hisce
548 825 630 898 satis
649 820 819 920 apparet,
845 828 938 900 hanc
960 825 1116 920 speciem
1144 823 1227 896 inde
1247 823 1297 896 sa·

236 922 381 996 cillime·
406 921 588 1019 dignosci,
625 925 723 1018 quod
753 923 865 996 febris
897 921 1069 1016 quolibet·
1093 912 1302 1014 νυχθημίρῳ
1351 943 1352 950 “

237 1025 316 1093 drus
339 1025 449 1094 habeut
468 1023 632 1116 insultus,
657 1041 768 1095 unum
788 1043 919 1115 nempe
937 1020 1087 1115 vespere
1105 1019 1225 1093 subito
1246 1021 1302 1093 in·

237 1116 454 1209 vadentem,
479 1121 631 1194 alterum
660 1141 753 1192 vero
779 1119 926 1192 subdole
944 1132 1212 1213 prorepentem
1232 1139 1302 1191 no·

236 1214 329 1289 stem
352 1215 473 1290 versus
500 1217 838 1320 vehementiorem,
864 1215 1014 1310 &quod
1032 1223 1169 1290 alternis
1189 1218 1302 1288 diebu

236 1328 310 1386 ente
341 1319 504 1388 meridiem
546 1323 664 1388 tertius
702 1317 842 1409 insultus
881 1315 1041 1387 accedat.
1104 1314 1160 1384 lta
1195 1311 1304 1406 spero

238 1408 424 1504 diagnosm
447 1413 554 1504 hujus
578 1412 691 1486 febris
717 1412 808 1485 adeo
827 1415 958 1485 claram
978 1411 1143 1501 evasisse,
1173 1423 1216 1482 ut
1239 1431 1302 1482 ne-

236 1507 375 1596 minem
401 1509 527 1605 fugiat.
587 1509 758 1583 Ceterum
786 1509 947 1583 lente&
976 1508 1121 1582 occulte
1153 1506 1302 1600 incipit,

237 1605 409 1698 procedit
439 1607 574 1700 absque
606 1607 771 1706 singulari
809 1607 888 1700 srti,
928 1629 1010 1681 cum
1040 1605 1143 1701 pulsu
1175 1604 1303 1696 debili,

239 1717 350 1795 caput
375 1703 579 1778 debilitans.

635 1799 908 1876 CAUSA.
990 1795 1051 1824 '⁸

339 1918 488 1994 Causam
512 1919 670 2014 &hujus
689 1921 801 1996 febris
819 1924 853 1995 δι
869 1923 1031 1996 omnium
1055 1921 1211 1996 febrium
1236 1919 1305 1992 cri-

238 2018 415 2107 ticorum,
441 2040 510 2092 nec
539 2035 617 2092 non
643 2018 963 2094 intermittentium
988 2019 1305 2116 vulgatiffimarum

239 2115 481 2210 investigare,
517 2115 598 2190 satis
623 2116 674 2190 est
705 2117 875 2208 arduum,
908 2133 951 2192 ut
972 2117 1110 2214 semper
1131 2116 1223 2204 fuit3
1254 2115 1308 2187 se·

240 2212 305 2288 des
325 2213 424 2288 enim
446 2213 531 2288 mali
557 2236 603 2288 ex
629 2211 847 2289 sectionibus
870 2216 1086 2289 cadaverum
1109 2213 1201 2287 adeo
1229 2235 1308 2286 non

241 2313 445 2406 detegitur,
475 2325 517 2386 ut
530 2313 590 2384 vel
609 2312 696 2386 hinc
717 2327 862 2406 pateat,
889 2315 925 2386 in
950 2312 1108 2386 minimis
1137 2333 1216 2383 eam
1236 2310 1308 2383 hae·

241 2431 324 2482 rere
346 2409 488 2500 fluidis,
517 2409 643 2484 &non
666 2411 738 2483 sme
754 2411 899 2484 ratione
918 2410 1142 2484 contendere
1165 2407 1309 2498 videar,

244 2528 348 2598 eam,
375 2504 474 2599 quod
492 2506 537 2580 ad
557 2507 750 2582 maximam
773 2524 936 2603 partem,
966 2532 985 2582 a
1008 2505 1310 2602 transspiratione

243 2601 324 2676 laesa
347 2603 517 2698 pendere.
568 2605 636 2678 Per
662 2606 739 2679 haec
767 2607 877 2680 dubia
899 2607 996 2680 viam
1024 2605 1144 2700 quoad
1172 2617 1313 2698 potero

244 2700 335 2775 mihi
372 2723 553 2793 queram,
594 2703 769 2796 reliquam
809 2707 970 2797 mihique
1002 2703 1111 2776 nimis
1146 2701 1309 2792 arduam,

247 2798 326 2872 aliis
352 2798 389 2870 in
415 2799 668 2896 investigando
694 2801 920 2876 felicioribus
949 2801 1150 2876 reliilurus.

349 2895 492 2990 Corpus
516 2899 710 2972 humanum
734 2901 915 2974 continuo
940 2921 1116 2993 vaporem
1141 2896 1313 2992 transspi-

246 3005 325 3084 rat,
357 2993 419 3085 qui
449 2996 618 3090 quamdiu
645 2998 831 3090 equaliter
857 2998 1022 3087 exhalat,
1049 2996 1189 3069 ceteris
1213 2995 1313 3089 pari-

247 3091 317 3168 bus
339 3087 436 3166 reue
459 3096 642 3168 valemus:
679 3117 814 3190 corpus
843 3096 953 3168 etiam
980 3102 1100 3168 aerem
1128 3093 1315 3165 attrahere

247 3203 322 3265 tam
350 3211 397 3263 ex
420 3191 569 3284 propria
588 3187 789 3265 sensatione
816 3193 980 3282 constat,
1004 3214 1109 3284 quam
1140 3191 1314 3284 exemplo

250 3288 376 3384 pueri,
404 3310 511 3380 quem
530 3290 635 3362 valde
654 3289 841 3385 fatigatum
860 3291 894 3363 bt
914 3300 1081 3362 accurate
1104 3302 1194 3360 tunc
1219 3309 1315 3381 pon·

250 3387 415 3460 deratum
437 3380 639 3486 Keillius'*)
667 3387 775 3460 noue
803 3391 842 3462 in
873 3389 964 3461 cella
989 3387 1131 3460 inclusit
1149 3384 1316 3502 humida2

289 3656 326 3752 1’)
350 3657 476 3717 Kellllua
496 3656 662 3734 aphonxs.
706 3658 764 3718 Per
790 3673 884 3716 omnes
907 3657 1033 3740 corporis
1052 3668 1141 3736 poros
1162 3657 1319 3717 continuus

243 3733 409 3820 jaculisque
429 3735 495 3798 aut
510 3743 597 3821 patet
614 3731 749 3820 ingreffus
768 3734 803 3795 ὅ
818 3733 948 3818 egreffus.

611 3823 661 3892 46.
702 3817 776 3903 Qu
795 3818 825 3876 in
842 3823 912 3878 aere
924 3813 983 3894 sul
1004 3817 1122 3900 vaporis
1134 3814 1234 3899 specie
1254 3817 1319 3876 cir.

250 3893 445 3960 cumulum
465 3915 559 3978 aquea
568 3894 739 3980 particule,
759 3917 780 3957 a
798 3903 863 3956 cute
874 3897 971 3972 nostra
986 3896 1142 3976 arriana,
1161 3915 1225 3962 curn
1244 3895 1319 3974 sax·

246 3977 335 4062 gelre
354 3975 505 4059 niscatur
525 3976 568 4043 8.
586 3993 687 4062 corpus
705 3975 832 4061 pondere
856 3985 975 4061 augent.
1228 4056 1301 4120 m
