2768 4768
372 221 544 306 murus
575 221 921 332 ursmmnsrs..
1118 249 1168 323 α,

113 405 300 502 quimane
316 405 456 484 emissus
468 410 671 504 itemrnqire
684 407 906 502 ponderatus
921 406 1071 504 grauior
1081 403 1168 500 fuit,

118 527 221 598 quam
236 503 385 600 vespere
397 528 480 584 cum
496 507 762 598 includeretur;
785 506 884 602 q'uod
899 506 1052 584 omnino
1064 505 1167 580 evin»

115 604 186 693 cit,
214 623 349 696 corpus
379 604 629 680 humiditatem
654 603 845 680 attraxisse.
910 604 955 680 ln
982 603 1168 696 nobismet

106 701 226 796 ipsis,
271 700 486 794 potissimum
513 703 538 778 fi
566 703 825 796 esurientibus,
862 701 1041 778 &minus
1070 702 1168 776 bene

105 797 273 872 vestibus
289 800 460 892 munitis,
486 823 653 877 necnon
675 799 801 875 labore
821 799 1002 898 fatigatis,
1027 799 1066 874 in
1082 805 1167 873 esre

105 895 261 1009 humido
278 897 410 972 versari
429 900 646 994 contigerit,
675 899 850 996 ingratam
869 897 1074 993 experimur
1089 894 1166 972 sen-

107 993 311 1086 sationem,
336 996 432 1090 quasi
449 1001 510 1070 adr
528 997 588 1072 hic
609 1019 723 1092 poros
741 997 839 1092 ipsos
856 1008 1084 1092 penetraret,
1108 1010 1165 1068 to·

106 1105 152 1166 to
173 1094 347 1166 horrente
367 1115 537 1194 corpore.
589 1093 681 1168 Cum
704 1093 852 1172 studiofi
873 1097 1027 1188 iuvenes
1050 1071 1165 1186 upsa-

108 1189 259 1280 lienses,
282 1190 484 1265 ridentibus
506 1191 632 1266 diebus
650 1193 796 1285 vernis,
821 1205 1033 1288 premature
1056 1189 1164 1264 vesti·

107 1301 233 1362 menta
247 1287 439 1381 deponunt
456 1290 607 1366 hiberna
622 1291 656 1364 &
670 1290 793 1364 aestiva
808 1291 977 1380 induunt,
1000 1307 1164 1362 necnon

107 1385 184 1460 hoc
204 1397 394 1479 tempore,
419 1409 492 1480 quo
519 1390 601 1484 gelu
627 1389 667 1462 in
687 1399 783 1462 terra
801 1387 1017 1476 resolvitur,
1047 1385 1081 1458 &
1101 1406 1187 1458 va·-

106 1501 237 1580 porem
265 1484 402 1556 emittit
432 1483 690 1577 insensibilem,
727 1487 766 1561 in
798 1507 946 1580 campos
976 1483 1023 1557 iic
1047 1481 1164 1556 distos

103 1581 272 1656 Polonos
297 1583 502 1673 adiacentes
524 1584 597 1678 pila
620 1582 755 1674 lusum,
781 1598 825 1658 ut
848 1582 899 1657 est
922 1579 1162 1670 consuetudo,

103 1693 265 1772 exeunt,
290 1678 468 1776 (indeque
486 1679 621 1754 fervidi
644 1681 857 1756 &sitientes
877 1680 1084 1776 proximum
1109 1677 1163 1754 dia

102 1776 308 1851 versorium
338 1789 489 1870 petunt,
520 1779 652 1854 caloris
676 1779 767 1854 lade
794 1779 988 1874 coagulato
1017 1773 1163 1851 sedandi

104 1867 232 1964 causa)
250 1873 428 1970 saepissime
445 1875 600 1968 accidit,
625 1877 723 1970 quod
747 1877 875 1970 aliquis
896 1898 1022 1950 eorum
1044 1875 1083 1948 in
1101 1875 1162 1949 Fa·

103 1977 192 2046 brem
219 1979 478 2046 interminantem
506 1973 654 2048 incidat.
706 1975 780 2048 Hic
807 1975 955 2070 morbus
983 1973 1044 2066 qui
1072 1991 1162 2046 vere

102 2070 443 2166 appropinquante,
464 2069 537 2145 hoc
559 2069 630 2166 est,
655 2085 842 2167 tempore,
866 2093 940 2166 quo
959 2069 1162 2164 Eperlanus

105 2168 148 2243 in
164 2191 254 2260 aqua
270 2167 384 2260 ludit,
408 2181 471 2243 aut
486 2169 599 2264 frigus
618 2193 639 2242 e
658 2183 754 2242 terra
771 2169 951 2259 ascendit,
975 2167 1162 2241 eudemius

104 2265 190 2340 heic
208 2280 340 2358 vexat,
363 2288 428 2340 eos
446 2263 627 2361 praecipue
651 2267 875 2364 aggreditur,
906 2266 967 2358 qui
990 2265 1064 2338 aiiri
1089 2265 1164 2356 jam

104 2361 275 2438 insalubri
292 2361 362 2437 sese
380 2379 590 2458 exponunt,
614 2365 786 2438 &vacuo
799 2363 988 2438 stomacho
1000 2360 1161 2436 vestibus
1311 2371 1319 2382 ·

99 2480 184 2538 non
198 2459 295 2536 reste
316 2461 469 2554 muniti,
495 2475 651 2554 exeunt,
679 2463 777 2537 unde
799 2461 1024 2538 consuetudo
1043 2457 1161 2556 vulgi,

101 2581 189 2636 raro
215 2581 320 2634 mane
340 2561 468 2654 jejuno
493 2557 681 2636 stomacho
705 2561 942 2654 prodeuntis,
972 2559 1040 2632 hac
1065 2555 1162 2651 quan

102 2669 283 2754 pretenta
309 2657 504 2748 cautione,
532 2679 580 2732 ne
604 2657 764 2733 Cuculos
787 2659 909 2751 saliat,
936 2657 1075 2751 optima
1093 2651 1160 2746 est,

102 2757 248 2850 repleto
276 2755 374 2830 enim
393 2754 580 2830 stomacho
609 2778 743 2851 corpus
765 2753 817 2830 est
845 2756 957 2852 magis
987 2751 1160 2848 perspira-

102 2853 201 2944 biie,
233 2851 290 2926 sed
315 2853 401 2926 cibo
432 2851 572 2950 digesto
607 2852 855 2948 transspiratio
884 2851 1007 2928 sensim
1036 2847 1162 2925 deficit

100 2951 140 3026 bt
167 2971 304 3045 corpus
326 2963 479 3044 propter
502 2973 617 3045 poros
644 2965 813 3044 apertos,
847 2951 1009 3024 bibulum
1036 2945 1162 3022 evadit

102 3055 300 3141 aeremque
327 3048 486 3122 attrahit.
548 3047 592 3123 In
621 3048 751 3124 Suecia
777 3047 900 3124 nostra
927 3049 989 3122 ubi
1015 3047 1078 3122 usu
1104 3067 1159 3120 re·

102 3158 251 3240 ceptum
275 3144 348 3237 est,
381 3159 423 3218 ut
446 3146 546 3220 calor
569 3147 663 3242 ignis
687 3146 913 3238 includatur,
943 3166 1039 3238 quo,
1070 3156 1161 3216 tem·

101 3263 196 3338 pore
216 3241 293 3337 ipso
308 3242 481 3334 brumali,
503 3242 542 3317 in
559 3243 693 3317 aedibus
711 3245 834 3316 calore
845 3241 1160 3331 aestivofruamur,

101 3342 237 3416 morbo
253 3339 292 3414 in
307 3339 516 3435 regionibus
532 3341 744 3416 australibus
766 3361 893 3434 parum
911 3353 1028 3429 noto,
1053 3357 1161 3452 quem

101 3451 390 3546 Rhummismum,
416 3447 561 3524 Suetice
577 3440 685 3540 mear
701 3451 944 3544 nominamus,
971 3451 1174 3543 afficimur,

101 3548 165 3643 qui
185 3547 271 3622 inde
288 3561 409 3625 ortum
429 3546 552 3642 ducit,
579 3549 678 3642 quod
698 3571 783 3623 aura
804 3549 935 3645 frigida
956 3550 994 3625 in
1020 3554 1160 3644 partem

99 3646 283 3741 quandam
307 3643 475 3741 corporis
501 3645 613 3722 nostri
617 3698 647 3818 ᾗ
664 3647 788 3837 c4alote
810 3645 989 3722 artificiali
1009 3650 1159 3838 huma}

98 3873 1157 3915 Ἥ

134 3923 264 4008 Kelusa
276 3944 380 4024 apher.
391 3957 441 4026 48.
483 3943 554 4014 Pius
572 3945 750 4016 andinus
772 3953 899 4034 empore
914 3943 1052 4036 miniosa
1067 3956 1155 4032 qm

86 4023 191 4118 ficto,
210 4025 292 4094 nosse
308 4045 396 4114 qm
412 4025 554 4098 meda.
