2704 4776
156 159 564 302 nmurcnmcnna
594 181 1024 276 onavtotuuntt.
1055 135 1154 286 ψ’

55 369 199 466 quaein
216 367 379 466 cognitis
399 365 578 464 pellendis
601 365 741 445 morbis
752 377 900 448 moletto
922 381 1000 446 non
1016 389 1130 448 omne

65 469 138 544 sert
164 467 363 564 pundlurn,
395 489 440 540 ea
463 467 602 561 semper
624 463 813 542 laboravit
837 466 1048 562 dogmatmn
1074 467 1130 544 in·

64 567 308 656 certitudine,
331 577 377 640 ut
395 577 512 640 totam
533 577 647 638 artem
663 563 716 640 nil
736 563 806 664 nili
824 585 1015 654 petrocum,
1037 587 1130 642 nun·

68 685 170 760 quam
191 664 290 739 inter
315 643 944 756 secomiliandorumlfarrtginem,
974 661 1130 757 diceres,
1200 679 1203 692 ·

63 761 207 854 donec,
232 783 338 836 novo
359 761 434 854 jem
449 761 488 835 in
505 760 656 834 scientia
668 733 840 834 Naturali
858 758 1010 836 accenso
1023 761 1131 838 lumi·

63 881 131 950 ne,
158 860 272 934 etiam
294 859 397 952 haec,
421 872 465 933 ut
485 857 561 954 filia
585 847 917 972 haud⁴illegitime,
942 859 1148 936 nonnullis.

61 958 160 1052 apud
186 979 258 1032 nos
280 957 392 1032 radlia
417 955 586 1032 illustrari
604 977 689 1049 orep
723 1007 732 1028 .
780 953 858 1046 Etfi
874 957 973 1032 mrim
991 957 1043 1030 ab
1060 957 1131 1035 dllo

62 1056 149 1130 inde
169 1069 363 1149 tempore,
388 1077 464 1150 quo
482 1055 521 1128 in
538 1051 687 1132 modum
706 1053 1131 1147 agendinredicemento·
1232 1066 1235 1078 ⁴

62 1176 143 1229 rum
161 1153 368 1248 inquirere,
391 1154 484 1227 utile
505 1152 689 1226 duxerunt
711 1149 1131 1246 sapientioresoledici,

65 1252 155 1326 nulli
180 1261 428 1346 pepercerunt
451 1271 596 1346 operae,
626 1248 718 1322 adeo
739 1265 867 1324 tamen
892 1249 1037 1344 ineptas
1058 1250 1134 1330 &o

68 1369 184 1423 rerum
208 1362 340 1424 nature
359 1347 495 1422 alienas
518 1357 708 1422 tentarunt
730 1345 835 1438 vias,
858 1360 902 1421 ut
924 1348 989 1422 nisi
1008 1347 1133 1442 super·

73 1443 178 1520 essent
191 1448 399 1540 planiores,
425 1445 553 1542 utique
567 1443 827 1538 despermrdum
844 1443 944 1520 soret
965 1445 1010 1520 de
1022 1457 1133 1522 tanto

70 1539 224 1620 scientie
243 1543 376 1620 fulcro·
622 1641 663 1715 v
916 1569 947 1586 ·*
1074 1571 1079 1583 ¹

159 1752 275 1828 Misfis
304 1754 427 1850 itaque
456 1767 626 1830 veterum
653 1755 791 1850 pariter
817 1777 861 1829 ac
883 1755 1160 1832 recentiorum

67 1851 110 1924 ab
140 1851 386 1948 Astrologiae,
421 1851 623 1948 Signaturte
653 1853 688 1926 tr
714 1853 885 1948 Spagiriae
919 1855 1042 1928 fabule
1070 1853 1134 1928 ¹de-

67 1947 179 2024 dustis
205 1951 370 2041 viribus,
408 1971 479 2031 nos
509 1952 661 2028 modum
689 1951 820 2046 egendi
849 1951 1134 2026 medicamento·

68 2071 144 2121 rum
166 2069 247 2138 non
266 2038 450 2140 fabulose,
477 2048 536 2123 sed
557 2063 698 2126 nature
724 2050 992 2126 convenienter
1016 2049 1133 2123 detor·

70 2145 203 2219 minare
228 2147 456 2222 conabimur.
508 2149 632 2252 Quum
658 2145 765 2220 ,enim
788 2147 959 2220 omnibus
984 2147 1023 2220 in
1044 2167 1133 2221 con·

72 2241 154 2316 lelio
175 2243 239 2335 srt,
265 2245 359 2318 eum
377 2245 561 2340 precipue
585 2244 624 2319 in
651 2244 766 2319 finem
785 2241 925 2316 Gellius
945 2241 1133 2319 -otfatlus-

71 2361 136 2432 que
165 2361 305 2438 organa
339 2343 555 2418 animalibus
588 2339 796 2418 concessisse
833 2339 1135 2435 Sapientillirnum

70 2437 301 2531 Creatorem,
327 2453 392 2533 ut,
424 2455 596 2534 tanquam
622 2455 686 2514 tot
714 2453 802 2518 ante
830 2438 923 2514 ostia
942 2437 1133 2533 austodm,

67 2535 346 2632 ingerendorum
362 2552 527 2612 naturam
545 2539 819 2630 examinarent,
844 2559 892 2612 ne
910 2536 997 2632 quid
1010 2538 1132 2617 tmo-

67 2636 271 2709 mitteretur
309 2635 444 2730 hospiti
480 2636 669 2712 inimicum
697 2637 941 2728 oportum,
977 2657 1132 2730 cumque

69 2753 133 2804 nec
155 2735 264 2828 plura
285 2733 342 2808 his
371 2733 503 2808 addere
530 2755 666 2830 organo
693 2732 951 2810 Perfeeiffimo
976 2733 1133 2814 Auenti

65 2831 262 2922 placuerit,
297 2833 373 2904 hec
403 2832 477 2906 duo
508 2833 609 2906 omni
640 2833 800 2928 negotio
833 2833 1016 2908 credimus
1042 2831 1132 2910 suffi-
1179 2901 1181 2910 .

67 2927 283 3007 cientiffima.
335 2931 460 3033 Quare
486 2930 595 3004 etiam
619 2929 812 3006 indefessus
837 2931 993 3007 Naturae
1009 2931 1138 3028 ‚interq
1171 3001 1177 3012 .
1285 2927 1287 2932 ’

58 3047 165 3117 pres,
206 3045 312 3120 quem
348 3051 417 3122 pro
452 3027 655 3104 solidissime
688 3029 954 3104 informatione
987 3029 1132 3106 medica

56 3137 237 3200 aeternum
256 3147 437 3216 veneror,
465 3125 506 3200 C.
529 3125 578 3199 D.
604 3123 750 3216 Praeses,
767 3125 1132 3207 nledlcammtonm

60 3221 156 3296 vires
174 3221 254 3296 solo
272 3223 409 3318 Sapore
428 3221 610 3298 &Odore
635 3222 885 3317 dijudicandas
904 3223 1043 3318 primus
1060 3223 1131 3300 rite
1207 3302 1211 3318 ‚

54 3316 266 3414 intellexit,
290 3323 406 3396 evicit
427 3345 471 3398 ac
492 3322 638 3398 erudito
666 3321 811 3416 aperuit
824 3321 929 3427 orbi.

509 3457 543 3546 r.
596 3449 665 3528 vr.

127 3565 209 3640 ·Ut
236 3555 329 3643 vero
360 3568 541 3662 duplicem
579 3567 863 3664 ingerendorum
897 3549 1126 3667 qualitatem,
1187 3533 1188 3538 Ἰ

58 3661 224 3758 Sapidam
249 3685 379 3764 nempe
401 3665 675 3742 &Odoraram
701 3668 748 3742 fic
778 3667 961 3764 duplicem
987 3668 1025 3742 in
1048 3688 1128 3740 cor·

55 3779 148 3852 pore
161 3763 364 3842 machinam
383 3765 728 3858 animadvertimus,
754 3765 963 3848 Animalem
981 3763 1130 3864 puta&

56 3857 242 3953 vitalem
273 3863 372 3942 illam
386 3861 629 3957 Nervosam,
663 3863 760 3946 hene
788 3864 1003 3958 morosum,
1032 3881 1130 3954 illlis

572 3961 608 4038 K
633 3983 660 4055 4
1033 3960 1131 4038 inter
