2574 4754
264 281 333 370 au
399 245 411 286 '¹
512 253 736 345 ramma
765 257 1084 350 rincronnr.

261 446 439 546 pendam,
466 446 564 542 quod
589 469 658 520 nec
678 429 811 520 'inutile
829 443 942 520 Mufis
966 441 1101 518 nostris
1123 461 1193 516 nec
1210 441 1282 538 irps

242 561 339 622 'tum
361 546 442 620 iore
467 545 574 626 ausim
598 541 752 640 sperare.

356 843 481 938 Atque
502 837 619 938 spiss'as
636 841 780 937 quidem
793 841 983 933 tenebras,
1011 841 1149 934 quibus
1168 839 1276 916 inrdzt'

259 943 445 1020 haerebant
470 939 633 1032 Medici,
667 941 785 1014 donec
813 961 903 1032 pura
931 939 1195 1034 elaborataque
1219 961 1274 1032 aqu

260 1053 360 1114 retur
387 1039 544 1114 Materia
571 1037 739 1128 Medica,
773 1035 1008 1130 distindleque
1036 1033 1200 1126 scirent,
1224 1042 1273 1108 ui·

259 1139 407 1232 simplex
447 1135 639 1230 quodlibet
675 1148 861 1248 peteretur
898 1133 1269 1211 Medicamentumc

260 1257 330 1328 qua
347 1237 491 1329 planta,
520 1256 565 1306 ex
581 1257 651 1328 qua
672 1231 778 1326 rpfius
800 1245 923 1325 parte,
949 1253 1023 1326 quo
1048 1230 1260 1324 deniquceo

260 1327 307 1406 co
328 1333 394 1405 uc.
425 1331 450 1406 fi
470 1333 731 1404 contulerimus
753 1350 835 1402 cum
857 1329 1014 1402 scientiae
1034 1349 1105 1422 qua
1119 1327 1254 1404 hodic·
1283 1367 1284 1380 ι

262 1429 527 1516 cumsundimur
551 1427 787 1522 plena-lueet
824 1439 924 1522 patet
948 1425 1112 1540 oppido,
1152 1447 1259 1520 quar:

260 1529 386 1602 evedla
409 1527 448 1602 in
475 1521 652 1621 fastigium
677 1527 753 1600 haec
770 1545 852 1618 pars
879 1523 1073 1600 Botamces
1090 1523 1170 1618 jarn
1185 1525 1264 1616 coc}-

259 1625 387 1700 ciatur.
439 1621 508 1698 Sed
533 1623 739 1698 tinitoriam
759 1623 807 1696 ad
820 1622 1004 1696 materiam
1023 1619 1086 1695 ubi
1107 1621 1267 1696 accessu:

259 1723 499 1796 extricaturus
516 1721 655 1815 plantas
673 1719 802 1816 quibus
816 1719 876 1794 illa
894 1716 1155 1812 constituitur,
1182 1721 1271 1794 sur:-

260 1843 330 1914 que
366 1819 504 1894 visurus
535 1841 689 1915 genera,
727 1815 885 1914 species,
920 1813 1173 1910 differentias,
1204 1831 1271 1890 tm

259 1915 435 2012 implicari
461 1916 594 2003 accidit
623 1913 839 2008 obstaculis,
875 1927 916 1988 ut
944 1911 1100 2008 superari
1127 1915 1193 1990 vix
1214 1913 1276 2010 ptis

259 2013 491 2106 viderentur,
518 2036 560 2088 ea
583 2013 775 2108 prasertim
794 2013 830 2088 in
855 2025 957 2108 parte
975 2011 1208 2104 simplicium,
1229 2031 1278 2102 q:

258 2127 411 2205 utraque
426 2133 470 2184 ex
487 2107 591 2185 India
613 2107 786 2205 asportari
807 2125 938 2205 coepta,
960 2107 997 2183 in
1013 2105 1171 2186 officinis
1187 2111 1274 2186 tiore·

259 2209 323 2286 riis
354 2207 467 2284 nostri
502 2210 570 2280 aevi
602 2209 844 2290 invaluerunt.
911 2205 995 2282 Nec
1020 2207 1116 2282 evasr
1147 2209 1273 2304 petiis.

258 2307 448 2404 postquam
472 2302 689 2397 linitores,
727 2305 861 2385 Lexica
888 2303 1090 2404 &grandia
1116 2305 1274 2382 Votum

259 2405 455 2480 celebrium
479 2418 579 2478 certe
593 2403 792 2480 Audortm
812 2401 1069 2478 consulueram.
1123 2403 1274 2478 vocatia

257 2501 385 2577 inveni
402 2502 436 2575 dc
452 2503 602 2576 nomina
618 2499 729 2574 variis
747 2523 767 2573 e
783 2501 915 2598 linguis
931 2501 1113 2574 cumulata
1132 2523 1233 2576 unum
1248 2497 1274 2570 :·.-

256 2623 322 2698 pra
339 2602 511 2690 alterum,
536 2597 680 2674 diffusas
704 2595 984 2693 descriptiones,
1011 2599 1101 2672 ficca
1141 2599 1276 2672 ommis.

256 2719 334 2773 non
350 2699 541 2788 nucleum,
570 2696 715 2772 infidam
739 2697 893 2786 nubem,
919 2718 995 2770 non
1014 2621 1186 2792 siquidm
1206 2713 1275 2790 qtr·

257 2795 457 2890 quaerebam
477 2795 680 2868 ueritatem
731 2789 828 2868 Data
843 2795 952 2888 igitur
969 2811 1103 2890 opera,
1133 2805 1273 2888 quotque-

257 2890 384 2966 videre
408 2891 508 2964 conti
535 2891 585 2984 it,
622 2891 821 2968 Botanicos
850 2892 1054 2986 Scriptores
1083 2891 1230 2982 evolvi,
1256 2905 1274 2958 c

256 2990 396 3086 plantas
423 2913 572 3086 linguias
596 2989 765 3080 rimarer,
801 2989 974 3084 equibus
1001 2989 1187 3086 colligitur
1210 3008 1274 3082 qr:-

257 3086 343 3182 quid
369 3085 537 3183 tingendi
559 3083 774 3161 Artificibus
796 3083 955 3182 usurpari
980 3087 1086 3162 novi.
1137 3085 1206 3162 Sed
1224 3104 1276 3176 qu

255 3207 302 3262 no
330 3185 376 3259 lic
407 3182 551 3279 quidem
581 3185 750 3259 obtinere
779 3185 908 3280 potui,
943 3185 1139 3277 quominus
1169 3186 1278 3282 ignca

254 3305 332 3360 non
354 3303 534 3378 nunquam
562 3293 624 3356 arn
644 3281 774 3357 dubius
796 3281 868 3378 ipse
888 3281 975 3356 mihi
998 3281 1094 3356 visus
1119 3277 1184 3356 snn
1206 3281 1278 3354 obe*

254 3401 358 3472 rare,
386 3402 427 3452 ea
451 3377 647 3477 prasertim
670 3381 707 3454 in
729 3379 883 3454 cohorte
907 3377 1108 3454 Tindioriae
1130 3379 1272 3454 Marem

163 3557 167 3565 ⁸
256 3471 334 3576 q'uae
365 3475 475 3555 Indiae
498 3469 666 3551 alterutri
687 3475 738 3552 est
763 3475 953 3574 indigena,
978 3477 1137 3574 aperiam
1159 3477 1275 3552 canda}

255 3575 342 3746 guid
367 3575 481 3648 adhuc
502 3573 769 3652 defiderandum
790 3589 934 3672 putem,
959 3589 1001 3650 ut
1020 3575 1044 3650 si
1065 3568 1276 3674 peregrinat:¹

273 3685 353 3746 orte
375 3669 469 3768 apud
486 3669 597 3746 Indos
615 3669 779 3768 suppetat
797 3673 939 3748 occasio
958 3673 1164 3750 accuratius
1181 3690 1277 3748 ests·

255 3771 383 3848 nunde
403 3769 479 3860 rei,
509 3791 578 3846 nec
600 3769 663 3846 sibi
687 3771 793 3862 defit,
818 3793 888 3846 nec
912 3771 1003 3864 arti,
1028 3789 1136 3868 quam
1157 3769 1281 3847 ulad·

255 3869 379 3966 gentio
397 3869 529 3946 mirum
551 3883 724 3964 quantum
746 3867 810 3954 fibi
835 3865 1053 3946 devinxerit

1188 4035 1279 4142 pil
