2630 4776
215 253 282 324 132
504 219 706 314 cumuli
731 219 973 301 mutarn.

212 405 378 481 confidit.
428 400 484 476 Ut
504 403 548 474 de
572 407 729 478 Sacclaro
750 402 841 476 nihil
860 403 997 495 dicam,
1012 400 1125 493 cujus
1148 398 1194 474 in
1230 420 1296 472 cu

120 520 126 531 ‘
212 501 340 579 linis'
328 524 400 596 Jam
425 499 652 593 frequentior
678 498 758 572 usus
789 500 863 590 est,
900 522 1005 592 quam
1034 498 1133 587 salis,
1181 498 1303 570 ade·

213 617 256 676 ut
279 601 303 674 fi
327 597 516 671 accederet
532 596 691 686 Plinius,
716 620 783 688 pro
806 619 874 688 eo,
899 597 997 689 quod
1020 596 1191 684 dixerat,
1213 595 1267 689 s
1300 642 1315 655 „

214 701 258 786 ἐφ’
272 696 406 793 stile,
393 718 465 788 Jam
498 696 654 768 diceret:
693 698 849 768 Succharo
876 699 918 784 ἐξ
933 697 1002 790 sole
1029 698 1117 768 nihil
1137 697 1311 766 utilius.

215 781 286 868 Sed
307 815 413 887 quem
437 793 514 866 haec
537 792 687 865 nomina
711 793 819 864 nobis
838 791 1005 886 praestant
1028 790 1155 864 usum?
1223 787 1311 860 Ca-

215 894 289 967 lida
323 905 421 963 certe
450 903 610 964 aromata
574 889 775 964 tsenium
804 891 1026 976 accelerant,
1054 887 1086 960 &
1118 881 1305 979 plurima

216 989 279 1063 illa
306 988 518 1087 Saccharata
544 985 652 1060 libras
678 987 864 1060 tenuiores
892 1009 933 1059 ac
953 986 1176 1060 debiliorem
1205 997 1299 1056 tex-

217 1100 335 1161 turam
368 1074 535 1179 corporis
575 1085 732 1158 humani.
789 1084 889 1158 India
922 1105 1065 1177 quoque
1098 1082 1303 1154 debemus

226 1187 363 1271 ileum,
392 1179 573 1278 Coffeam&
587 1186 665 1256 Cher
668 1185 806 1273 nirdam,
829 1181 1056 1256 Americanls
1075 1201 1175 1252 vero
1194 1201 1307 1271 pra:-

219 1281 326 1376 cipu'e
352 1279 510 1354 Toletum
532 1280 620 1352 illud
636 1279 879 1372 venenosum,
906 1301 979 1372 quo
1000 1289 1099 1366 totus
1119 1273 1308 1348 infectus

221 1380 273 1454 est
298 1377 408 1452 orbis
476 1379 598 1450 Nobis
628 1399 720 1450 vero
749 1378 830 1471 ipsis
861 1389 1048 1470 acceptum
1075 1372 1308 1446 referamus

223 1482 383 1574 Spiritum
400 1484 470 1550 vim
464 1476 514 1572 s.
529 1472 709 1567 frumenti,
735 1474 939 1568 &plurima
951 1477 1104 1547 Vennum
1120 1491 1308 1581 genera,

224 1597 301 1669 quae
325 1575 526 1646 intantum
553 1584 795 1645 excreverunt
824 1594 1030 1661 numerum,
1063 1583 1104 1642 ut
1129 1568 1307 1664 integro

224 1671 382 1783 collegio
412 1672 532 1762 privat
518 1661 645 1742 'tillimo
678 1693 784 1772 opus
802 1670 863 1760 sit,
892 1682 932 1742 ut
960 1668 1038 1762 quis
1064 1667 1189 1761 gulam
1225 1667 1306 1739 ob-

224 1769 341 1842 tineat
364 1764 613 1856 doitissimam,
641 1768 682 1839 ad
711 1749 784 1838 has
798 1767 833 1860 sp
837 1766 932 1839 ecies
958 1786 1153 1856 earumque
1184 1764 1306 1840 vires

226 1863 495 1960 dignoscendas.
546 1847 776 1957 Repositoria
792 1864 912 1936 nostra
928 1877 985 1936 tot
1001 1866 1072 1955 jam
1088 1861 1307 1954 splendent

225 1963 317 2036 vasis
336 1968 512 2034 murrhinis
535 1984 580 2034 ex
602 1961 718 2034 China
746 1960 927 2050 addutlis,
956 1982 1032 2034 non
1049 1973 1198 2046 tantum
1224 1981 1306 2053 po·

225 2059 389 2132 tionibus
417 2059 507 2131 Thee
524 2058 557 2130 δι
576 2055 709 2152 Coffeae,
738 2058 796 2132 sed
817 2059 878 2151 ipsi
898 2059 1005 2132 etiam
1023 2056 1222 2151 apparatui
1242 2055 1305 2128 ci·

224 2157 356 2232 borum
390 2156 686 2229 adcommodatis.
737 2157 943 2250 Apparatus
969 2157 1055 2228 item
1088 2167 1306 2248 argenteus

225 2254 296 2329 sese
327 2253 437 2326 offert
465 2276 509 2325 ex
538 2259 706 2328 Continuis
734 2276 801 2346 pro
830 2253 914 2327 Tim
934 2254 968 2325 &
988 2251 1113 2349 Ceffeu,
1137 2254 1308 2340 Alienis,

227 2353 362 2428 Poculis
379 2370 439 2444 pro
456 2354 545 2436 tate,
575 2349 665 2460 Vafis
678 2353 768 2422 abiut
755 2358 846 2423 toriis
861 2352 949 2442 (stt
950 2345 1144 2443 lgkannor),
1166 2363 1215 2420 ut
1233 2371 1308 2442 pa-

227 2448 323 2520 tinas
339 2446 470 2542 gallico
485 2446 655 2538 nomine,
682 2449 762 2520 Plnt
780 2451 816 2521 de
832 2471 960 2541 rnnnge
971 2448 1101 2536 dictas,
1125 2461 1308 2538 taceam,

231 2537 309 2637 quae'
325 2557 464 2616 tantum
480 2542 560 2616 sane
578 2543 767 2634 constant,
792 2557 963 2636 quantum
975 2547 1098 2617 Verua
1113 2557 1310 2618 veterum

230 2653 421 2736 argentea3
452 2639 485 2712 ἃ
518 2641 681 2732 quamvis
715 2641 847 2715 nostris
880 2642 1065 2716 conviviis
1091 2660 1171 2713 non
1209 2657 1311 2714 totos

229 2757 324 2836 apros
351 2735 478 2810 allatos
502 2738 644 2833 singulis
675 2739 835 2831 personis
859 2739 1113 2832 adponamus,
1129 2758 1221 2812 eam
1248 2753 1310 2812 ta·

229 2858 314 2912 men
350 2833 570 2907 ferculorum
600 2836 866 2910 multitudinem
896 2837 1125 2947 adhibemus,
1159 2849 1207 2906 ut
1241 2861 1310 2910 ars

231 2931 443 3024 coquinaria
474 2931 685 3044 Magnetum
714 2935 785 3006 hoc
818 2948 981 3028 tempore
1010 2934 1209 3007 maximam
1243 2957 1309 3007 re-

234 3029 352 3123 quirat
377 3031 660 3122 experientiam,
694 3045 734 3104 ut
756 3032 793 3103 in
814 3032 881 3104 hac
909 3033 1067 3106 eruditus
1095 3031 1311 3122 quisquam

232 3126 444 3212 evadat3'&
465 3127 523 3219 qui
543 3128 629 3199 editi
649 3127 728 3201 sunt
746 3129 829 3201 libri
853 3130 1055 3222 coquinarii
1077 3150 1155 3202 non
1179 3128 1308 3203 mini-

231 3247 325 3301 mam
353 3223 513 3297 efficiunt
536 3223 812 3299 Bibliothecam.

349 3341 423 3414 Nec
440 3341 526 3434 sotis
550 3340 593 3434 est
615 3364 670 3411 ars
691 3339 761 3434 ipsa
784 3365 878 3434 coquo
893 3343 1024 3438 servire
1045 3343 1170 3446 palato,

350 3439 412 3509 Sed
439 3441 500 3530 Cep
503 3460 565 3508 uus
589 3437 726 3510 Domini
748 3439 834 3510 ciebit
858 3444 967 3514 hahere
992 3445 1111 3532 gulam.

795 3519 951 3610 Martini.
971 3539 1029 3610 XI
1033 3539 1072 3612 V
1102 3561 1189 3612 220.

498 3742 716 3768 *ιιι
