2604 4786
234 245 347 330 „258
474 229 1115 313 ,snuruussuououuuu

259 429 381 503 -rurn,
407 431 476 503 eo,
503 412 603 505 quod
628 411 796 486 animalia
825 413 919 487 inter
943 431 1145 501 marmora,
1168 409 1200 484 e
1223 433 1295 507 vega

277 511 404 587 tabilia
429 510 524 584 inter
540 509 717 583 Schistum
744 523 963 604 appareant,
996 509 1104 584 firmo
1127 508 1205 582 latis
1230 531 1295 605 argu

276 623 403 684 mento
419 608 632 702 judicamus
688 607 741 680 Ut
755 609 901 680 metalla
918 606 1217 703 ponderosissima,
1234 628 1295 702 gen

276 731 351 784 mas
368 703 654 818 pretiofissimas,
681 703 989 798 pellucidissimas,
1017 707 1209 800 pluresque
1226 705 1295 796 huju.

189 796 194 806 ’
256 827 379 899 regni
371 801 580 875 thesauros
596 824 779 896 nunquam
792 801 874 876 satis
893 802 1138 891 admirandos,
1161 817 1284 875 taceam

374 894 510 974 Hinc
501 923 538 974 in
563 901 782 996 vegetabile
811 920 960 996 regnum
992 899 1187 990 devoluti,
1214 901 1295 992 prino

278 1000 439 1088 intuitu,
464 1012 616 1086 terram,
640 997 978 1092 velamine&quasr
1000 998 1189 1072 concinno
1210 998 1295 1070 herba·

278 1117 358 1172 rum
387 1097 503 1170 aulaeo
532 1095 722 1187 vestitam,
750 1098 1019 1188 comperimus,
1059 1117 1140 1189 quae
1165 1095 1294 1169 umbrolr

279 1194 516 1290 procerisque
547 1194 770 1268 obumbratae
799 1193 1014 1283 arboribus,
1052 1195 1152 1267 inter
1178 1193 1288 1288 ganisa

279 1292 449 1382 consuis,
476 1288 712 1365 succrescunt.
772 1290 831 1362 Ad
856 1291 981 1364 harum
1008 1290 1282 1364 consideratiorem

277 1390 429 1485 propius
446 1387 530 1461 dum
544 1389 692 1461 oculum
710 1377 939 1500 animumque
957 1389 1221 1476 convertimus,
1235 1383 1282 1458 ml·

258 1488 441 1581 tiplicem
458 1486 633 1559 foliorum
651 1485 809 1579 compos
801 1488 976 1577 tronem,
1004 1487 1172 1559 colorem
1191 1487 1288 1568 floron

277 1583 438 1678 saporem
454 1583 677 1676 odoremque
700 1581 963 1659 diverfilirmum
982 1584 1237 1678 percipiamus,
1252 1599 1291 1653 re

259 1680 368 1756 celle
393 1681 456 1754 est.
526 1721 533 1734 ·

376 1777 581 1867 Animalia,
611 1797 689 1870 quae
710 1777 748 1851 in
771 1777 844 1850 hoc
866 1777 990 1852 mundi
1012 1780 1159 1853 theatro
1181 1791 1295 1860 cemus-3

279 1890 351 1969 tur,
376 1898 479 1972 paene
503 1875 704 1963 innumera,
729 1897 807 1958 non
823 1876 986 1950 ultimum
1007 1877 1073 1951 fibi
1088 1871 1293 1952 admirationis

277 1978 400 2050 locum
429 1974 642 2086 vindicant,
683 1972 767 2048 dum
794 1975 1087 2086 unumquodque
1127 1995 1257 2060 eorum,
1281 1985 1295 2062 t

275 2073 472 2148 Brutorum
497 2071 663 2144 maximis
687 2071 740 2153 ad
754 2070 902 2152 minima
926 2071 1084 2162 Infesta,
1110 2071 1232 2159 currit,
1251 2069 1295 2136 voi

261 2173 349 2262 lat,
376 2185 499 2261 natat,
523 2168 557 2242 se
578 2166 778 2260 sustentat,
796 2169 902 2243 armis
920 2170 1030 2244 semet
1049 2172 1095 2244 ab
1117 2165 1293 2264 imperabo
1273 2199 1295 2330 &3

276 2269 381 2344 stium
411 2267 594 2358 defendit,
631 2265 738 2342 (estro
761 2265 831 2340 sese
862 2269 1088 2381 propagandi
1120 2259 1293 2368 flagrans
1294 2295 1295 2298 ¹

265 2367 468 2471 'providam
493 2379 662 2438 natorum
683 2385 804 2439 curam
824 2366 917 2462 agit,
947 2366 1067 2440 donec
1094 2355 1292 2440 tandemlbi·

262 2480 351 2538 met
374 2458 593 2558 providere,
617 2458 771 2554 suosque
796 2463 990 2560 profligare
1013 2465 1160 2554 hostes,
1184 2461 1236 2556 ipi
1253 2477 1291 2528 u·

276 2563 384 2636 leant.
437 2558 627 2634 Cernimus
652 2558 830 2653 denique,
851 2583 963 2634 unum
987 2582 1116 2635 eorum
1146 2553 1293 2635 alteride

274 2658 508 2734 struslionem
536 2657 571 2730 u
595 2656 781 2730 interitum
814 2658 996 2748 minitari,
1032 2681 1116 2733 cum
1135 2677 1244 2732 unum
1264 2667 1294 2720 et

275 2758 390 2852 altero
414 2756 541 2845 vivat,
573 2767 615 2826 ut
641 2753 749 2827 unius
774 2754 967 2830 destrudiio
990 2756 1032 2831 lit
1058 2757 1203 2832 alterius
1224 2767 1294 2842 repe

274 2853 391 2940 ratio,
430 2852 586 2944 dumque
619 2851 846 2946 languidiora
874 2840 1132 2947 succumbunt,
1167 2867 1205 2928 ut
1231 2863 1290 2940 opu

273 2949 472 3024 creationis
495 2948 647 3042 perenni
675 2948 792 3024 rideat
817 2953 920 3026 flore.
972 2952 1099 3046 Itaque
1118 2951 1238 3059 fingula
1256 2943 1294 3016 le*

273 3062 397 3127 tantur
414 3048 458 3120 de
475 3045 762 3141 propagatione,
788 3051 957 3123 laborant
970 3071 1037 3145 pro
1059 3045 1291 3125 sustentatione

274 3157 437 3244 pugnant
462 3165 532 3239 pro
558 3142 861 3239 conservatione,
895 3161 1074 3241 tamquam
1100 3165 1248 3243 prop
1188 3143 1248 3236 seip
1250 3137 1289 3216 lv

273 3267 354 3318 cum
379 3258 499 3318 tamen
524 3241 601 3314 haec
626 3243 770 3332 omnia,
796 3244 841 3317 ad
867 3243 1174 3334 conservandum,
1197 3251 1290 3340 propr

271 3341 425 3438 gaudum
452 3338 757 3414 &illustrandum
792 3342 956 3416 mirabile
987 3341 1111 3417 summi
1145 3341 1290 3416 Creatori

273 3460 389 3549 opus,
418 3438 604 3510 communi
634 3436 750 3510 veluti
779 3438 948 3514 instindiu
981 3441 1197 3536 conspirent.
1240 3431 1293 3504 Hs

271 3535 361 3608 mini
380 3535 487 3630 igitur
511 3533 708 3623 incumbit,
733 3546 775 3608 ut
796 3538 841 3611 ad
864 3539 957 3612 hanc
975 3559 1050 3611 rem
1071 3539 1222 3612 curatius
1237 3535 1293 3633 per-'53

272 3631 539 3742 vestigandam,
577 3633 678 3725 prius
705 3635 863 3708 animum
894 3633 1082 3726 advertat,
1122 3653 1273 3729 quam
1240 3617 1293 3696 ulf

271 3727 423 3803 veniant
447 3734 525 3803 dies.
578 3728 672 3804 Boni
688 3729 784 3804 enim
806 3731 883 3806 dies
901 3732 1184 3807 tantummodo
1172 3709 1293 3823 juvenili

267 3827 499 3920 adsignantur
522 3827 641 3915 aetati,
678 3838 715 3898 at
742 3827 778 3901 in
807 3827 987 3903 senedlute
1016 3853 1094 3905 non
1123 3829 1184 3904 nisr
1208 3817 1291 3897 nulOl

266 3945 458 4000 numerare
481 3923 557 3998 dies
583 3925 692 4014 licet,
719 3943 801 4001 cum
827 3925 899 4020 ipsa
914 3925 1082 4020 iseneslus
1100 3927 1236 4002 morbus
1253 3911 1288 4070 ml

1247 4027 1278 4082 cu
