2626 4804
254 247 327 324 arr
509 219 681 302 riona
711 214 1057 332 ermcnnsrs.

194 455 196 466 r
253 405 344 480 riam
370 399 605 490 Naturalem,
635 400 774 496 History
798 399 837 493 of
856 399 1015 501 Jamaica
1042 398 1168 487 edidit,
1192 397 1280 472 Lod.

257 507 364 596 1756.
384 501 422 573 in
436 501 502 574 fol.
520 499 677 595 Anglice
692 499 833 594 paginis
849 522 931 592 303.
963 497 1115 572 Tabulis
1128 496 1280 590 eneis49.

256 621 404 694 quarum
438 597 559 692 plures
592 599 762 689 quelibet
791 596 922 694 figuras
948 596 1117 670 ostendit
1167 593 1282 668 nanos

193 697 208 716 ”
254 699 294 774 in
325 699 393 770 hac
419 693 536 769 Insula
561 695 706 779 Plantas
735 695 956 787 conquisivit
986 718 1093 769 1200.
1152 692 1188 766 ls
1210 692 1280 764 adeo

255 795 468 888 exquisitam
485 793 680 873 Botanices
706 792 891 866 hodiernae
907 791 1108 866 Theoriam
1129 791 1187 864 fibi
1208 811 1281 862 con·

253 892 421 990 paravit,
446 905 488 964 ut
511 890 664 964 nesciam
686 892 794 986 plane
816 903 1023 965 exterorum
1043 911 1241 984 quemquam
1256 891 1279 959 ei

254 993 323 1065 hac
348 991 391 1082 in
406 1002 508 1083 parte
533 988 806 1082 preferendum.
861 989 1004 1062 Plantas
1031 987 1217 1062 secundum
1238 989 1279 1076 Sy·

246 1091 352 1185 stema
362 1085 497 1184 seruole
515 1086 563 1158 N.
575 1085 625 1159 D.
637 1085 1007 1180 Prandisdisposuit,
1031 1084 1223 1159 observatis
1240 1083 1273 1153 ad·

256 1201 382 1261 curate
409 1188 607 1270 Generilms,
631 1185 860 1278 pluriumque
883 1205 903 1256 a
929 1183 962 1256 se
986 1183 1206 1257 detectorum
1226 1185 1270 1253 m-

255 1288 433 1358 ranarius
458 1282 646 1370 formatis,
676 1284 785 1355 novis
814 1285 900 1355 item
925 1281 1124 1376 specierum
1147 1276 1266 1372 Differo

256 1390 314 1456 tiis
345 1381 575 1468 constitutis,
606 1385 798 1473 Spnmpmis
824 1381 945 1468 srmul,
979 1375 1081 1454 Locis
1105 1377 1271 1464 Natalibus

256 1472 518 1578 Descriptionim
549 1480 835 1572 observationibus
862 1477 896 1551 dc
923 1478 1041 1572 Ustlus
1070 1497 1209 1570 quoque
1226 1493 1276 1546 nm

176 1623 180 1632 ·
256 1601 341 1653 raro
363 1575 531 1670 adjeuis;
554 1591 596 1648 ut
613 1577 689 1648 haec
706 1577 813 1649 Flora
830 1599 916 1649 vere
934 1599 1042 1649 aurea
1061 1577 1155 1649 inter
1167 1571 1279 1662 Bonnia

112 1723 114 1728 s
258 1698 324 1748 cos
345 1675 387 1748 srt
412 1672 598 1764 habenda,
625 1695 693 1766 qua
711 1673 864 1747 omnino
885 1675 982 1749 nulla
1010 1675 1109 1748 inter
1129 1689 1278 1746 extraneas

256 1773 398 1867 prodiit
415 1772 619 1846 accuratior
637 1793 705 1844 nec
718 1773 916 1867 pulchriori
941 1771 1072 1846 ordine
1088 1769 1278 1844 concinnata.

257 1871 302 1945 ln
320 1869 550 1957 Differentiis
569 1869 766 1963 specierum
790 1871 908 1944 minus
926 1870 1062 1964 rigidus
1082 1870 1170 1958 suit,
1193 1865 1279 1957 syn

258 1991 369 2062 nyma
394 1991 502 2062 parca
529 1989 637 2042 manu
662 1970 888 2058 numeravit,
917 1967 976 2042 sed
999 1987 1020 2040 a
1042 1967 1279 2062 Peregrinatore

258 2067 350 2141 nihil
366 2087 522 2158 unquam
541 2064 698 2162 praestari
718 2066 855 2157 poterit
876 2067 1166 2141 consummatius.
1209 2059 1278 2132 Hinc

261 2163 399 2236 rudiori
424 2164 508 2237 huic
533 2163 570 2238 in
595 2164 684 2235 orbe
700 2164 895 2248 Botanic0,
922 2163 1093 2258 quamdiu
1106 2163 1226 2238 Plantae
1242 2155 1277 2227 vi·

259 2273 343 2338 rent
357 2261 528 2336 &Floras
548 2262 696 2354 florent,
718 2261 777 2336 sua
796 2261 977 2336 constabit
991 2263 1121 2360 gloria.

360 2455 442 2553 Ego
471 2459 612 2554 plantas
646 2457 752 2548 hujus
780 2458 898 2534 Flore
930 2457 1123 2534 secundum
1155 2451 1275 2548 system

260 2553 311 2646 N.
337 2555 387 2630 D.
416 2557 570 2629 Praessdis
601 2577 810 2630 enumerare
836 2556 976 2646 studui,
1011 2557 1212 2631 nominibus
1230 2565 1274 2620 nu

262 2654 477 2741 Genericis,
505 2677 609 2745 quam
628 2654 837 2729 trivialibus
857 2653 1041 2748 expreffis,
1071 2670 1115 2730 ut
1135 2643 1273 2746 vegenb't

262 2751 311 2825 lia
338 2773 414 2844 quae
436 2751 517 2827 heic
544 2753 690 2844 vigent,
724 2754 849 2844 prim·
869 2752 1004 2827 intuitu
1029 2752 1161 2827 Lelior
1181 2753 1274 2820 intua

261 2861 342 2935 tur,
369 2869 437 2919 nec
459 2860 589 2941 praeter
607 2849 752 2940 Syliema
769 2855 912 2924 Nature
930 2851 962 2924 dt
977 2854 1105 2947 Species
1127 2851 1272 2926 Plenum

262 2943 316 3018 N.
330 2944 378 3018 D.
404 2944 583 3034 Praefidis,
609 2947 705 3018 ullos
727 2947 912 3022 consulere
936 2947 1118 3022 Austores
1149 2935 1268 3038 opusfil

263 3031 473 3116 Praetermisr
489 3045 682 3134 permultas
692 3045 943 3135 Brownianas,
960 3046 1120 3140 propriis
1135 3065 1204 3119 non
1218 3031 1269 3107 vilo

265 3142 405 3231 oculis,
432 3163 580 3234 quarum
598 3141 683 3214 ideo
709 3166 785 3216 non
813 3143 895 3218 satis
917 3143 1121 3218 adcuratam
1144 3139 1214 3214 orbi
1228 3150 1292 3208 eru,

264 3239 344 3312 diro
363 3238 703 3314 determinationem
727 3243 942 3336 promittere
967 3241 1105 3332 aude03
1135 3229 1275 3327 hasigiur

264 3339 359 3425 aliis,
386 3337 528 3410 meliori
542 3338 666 3410 hanun
686 3361 804 3414 rerum
818 3340 1032 3436 cognitione
1047 3337 1210 3433 preditis,
1227 3327 1275 3416 suu

263 3433 413 3528 plendas
441 3436 568 3509 lubens
597 3436 789 3530 relinquo,
823 3440 978 3512 maxime
1007 3438 1090 3531 quia
1111 3433 1277 3509 varietates.

190 3596 198 3613 .
234 3619 242 3630 ,
263 3531 462 3632 specierum
488 3533 597 3623 loco,
622 3556 669 3606 ne
685 3535 924 3610 exhibeantur
944 3536 1096 3610 sollicite
1119 3525 1276 3628 cavendum

263 3627 443 3701 existimo
495 3627 550 3700 Ut
575 3653 666 3704 vero
690 3632 766 3725 ipso
790 3634 955 3708 Brownii
977 3656 1089 3728 opere
1110 3643 1203 3706 tanto
1220 3621 1277 3730 sau·

262 3726 332 3799 lius
353 3729 404 3799 uti
421 3727 571 3820 quisque
594 3727 720 3820 polsrt,
743 3733 857 3823 priori
873 3734 959 3804 loco
974 3751 1158 3806 numerum
1171 3727 1292 3818 Specie

261 3845 340 3898 rum
372 3825 488 3900 Florae
512 3826 704 3918 Brownii,
733 3894 736 3902 ‚
764 3831 931 3904 osteriori
962 3830 1127 3924 paginam
1156 3817 1275 3919 ejusd?m

146 4023 152 4046 ς
262 3921 432 4018 adposui,
456 3937 497 3998 ut
522 3925 584 4016 qui
604 3925 697 3999 hanc
755 3927 885 4006 ostrum
904 3950 987 4006 eum
1000 3927 1160 4006 Auuore
1174 3921 1275 4085 stiffir
