2604 4786
274 301 345 394 194
473 267 800 394 ARBQRETUM
841 269 1116 352 SVECICUM.

271 457 384 556 magis
414 455 496 528 altis
522 454 556 526 δι
581 454 778 546 montosis,
813 477 918 548 quam
950 457 1136 552 uliginosis
1164 458 1286 550 latetur

270 557 440 654 frigidum
462 551 623 627 nostrum
643 554 750 626 clima
765 558 921 638 tolerat3
948 556 992 627 ab
1017 568 1172 628 extrema
1187 555 1286 628 Scania

272 681 339 732 ora
359 653 402 728 ad
420 649 655 741 Gestriciam,
681 652 743 723 ubi
762 651 866 742 juxta
881 651 1055 725 ustrinam
1068 653 1182 726 Hr'irni‘
1196 655 1286 728 ultim

270 762 498 839 numeratur,
527 749 566 821 in
591 749 620 822 F
623 748 781 821 inlandia
805 749 871 822 vix
897 751 991 824 ultra
1016 749 1231 848 thrneborg
1255 773 1286 824 re

270 852 431 950 peritur;
458 869 503 919 an
529 846 652 921 versus
677 846 988 940 Septentrionem·
1003 845 1190 944 propagari
1213 857 1286 942 queat

270 950 434 1027 nondum
450 945 563 1033 novi;
588 945 626 1018 in
642 944 851 1036 Dalekarlia
862 945 1058 1042 „prppria
1074 945 1181 1036 ditia,
1206 965 1286 1036 neque

271 1046 454 1135 occurrit,
478 1064 563 1118 raro
590 1043 699 1116 etiam
726 1042 763 1116 in
784 1041 1060 1142 Wermeldndia
1076 1043 1179 1138 supra
1199 1041 1286 1115 Cael·

270 1145 434 1221 stadium.
486 1143 616 1228 dierat,
641 1163 723 1213 cum
747 1140 1156 1239 frondescere-primum
1180 1140 1286 1232 incipit,

271 1245 369 1319 circa
392 1240 502 1314 finem
530 1238 656 1312 mensis
686 1237 1034 1336 Frondesce‘nti'aem
1051 1239 1195 1313 Masculi
1214 1237 1265 1312 &l
1275 1277 1286 1290 ·

270 1341 382 1418 minei
413 1339 523 1413 flores
555 1338 702 1410 diverfis
734 1338 1109 1432 gaudentthhiamis,
1137 1339 1173 1412 in
1197 1335 1282 1410 eaden

270 1442 414 1515 arbore.
466 1439 621 1511 Fruitum
646 1449 824 1510 maturum
848 1429 1000 1510 dimittit
1023 1433 1140 1511 mense
1161 1431 1280 1508 Defolia·

271 1538 408 1627 tionis,
437 1557 510 1630 quo
532 1548 697 1628 tempore
715 1534 861 1629 glandes
880 1536 1023 1609 collatae
1041 1553 1142 1609 terra
1158 1531 1282 1608 manden-

270 1653 352 1728 tur,
387 1647 448 1708 aut
471 1656 535 1728 per
563 1633 719 1705 hiemem
749 1634 785 1706 in
814 1635 901 1708 loco
925 1634 1060 1729 frigido
1086 1633 1278 1708 alterumn

270 1734 442 1832 proximo
462 1731 581 1805 mense
601 1731 851 1826 Regelationis
876 1734 1048 1806 serantur.
1099 1733 1200 1807 Arbor
1215 1729 1279 1799 inter

270 1831 449 1910 nostrates
466 1831 638 1902 maximas
655 1828 788 1902 merito
812 1831 965 1906 habetur
985 1823 1049 1924 a),
1073 1829 1195 1906 &satir
1210 1829 1280 1914 long·

183 1953 200 1981 ·
271 1923 420 2022 aevah),
445 1930 601 2004 hiemum
624 1921 866 2021 chronicae),
890 1931 1003 2024 pratis
1021 1931 1126 2005 valde
1148 1917 1278 2010 annal),

270 2053 339 2106 nec
358 2027 674 2122 transplantanda,
702 2028 873 2119 quoniam
894 2029 1037 2104 radices
1061 2025 1224 2124 profunde
1241 2021 1276 2092 de

267 2125 464 2216 scendunt,
491 2126 645 2217 ideoque
665 2125 837 2200 eradicari
860 2127 988 2220 nequit
1009 2129 1083 2204 fine
1103 2123 1217 2202 radicis
1233 2117 1278 2214 pn'·

267 2227 380 2304 maria
403 2224 655 2311 mutilatione,
681 2222 777 2296 unde
795 2247 956 2320 pygmea
972 2226 1143 2319 persistit;
1166 2219 1279 2296 feliciter

264 2342 464 2425 propagatur
482 2321 690 2415 glandibus,
717 2345 795 2414 quar
814 2324 851 2396 in
866 2323 1082 2417 juniperetis
1098 2322 1158 2397 seri
1172 2319 1286 2400 debent*

269 2440 306 2498 at
327 2425 422 2496 intra
438 2418 625 2492 biennium
646 2419 760 2492 rarius
777 2421 1000 2515 germinam
1030 2425 1056 2498 fi
1077 2419 1198 2496 crescat
1211 2429 1277 2486 tene·

266 2522 344 2596 rior
362 2519 470 2592 arbor
489 2516 526 2590 in
544 2515 736 2610 angustiis,
767 2519 861 2594 inter
883 2519 968 2593 alias
987 2524 1153 2608 arbores,
1174 2503 1278 2590 reita&

268 2619 387 2694 minus
420 2615 557 2689 ramosa
584 2615 709 2687 evadit
733 2618 782 2708 e).
845 2620 964 2705 Remi,
997 2621 1024 2693 fi
1050 2619 1176 2714 magis,
1205 2623 1276 2704 quau

266 2739 332 2812 par
355 2713 427 2804 est,
454 2714 734 2804 detruncantur,
762 2716 886 2789 reliita
910 2716 1060 2792 minima
1082 2735 1196 2801 coma,
1216 2723 1285 2780 ull*

267 2812 378 2887 cescit
397 2811 613 2902 tandemque
632 2814 828 2903 emoritur,
855 2813 952 2907 quod
977 2813 1192 2910 experientia
1206 2813 1285 2892 mou}

264 2912 353 2985 strat
370 2909 597 2983 Oeconomis
618 2909 905 2986 Ostro-Gothiae.
957 2915 1053 2990 Folia
1073 2912 1165 2986 arida
1179 2903 1276 3002 retine}

265 3009 356 3104 sape
385 3008 479 3101 apud
506 3029 575 3080 nos
606 3030 671 3101 per
700 3021 813 3082 totam
842 3011 1022 3103 hiemem,
1060 3034 1133 3105 quae
1156 3005 1285 3095 deponit*

264 3106 383 3181 mense
419 3104 735 3200 Frondescentiae,
772 3110 912 3202 aliquot
939 3111 1066 3186 diebus
1100 3119 1177 3184 aute
1202 3107 1274 3192 quau

264 3228 364 3280 nova
392 3204 561 3279 induatur
587 3204 699 3278 veste.

366 3327 423 3398 16.
452 3321 618 3398 FAGUS
639 3317 800 3416 fiiuatica‘
821 3323 874 3399 Fi.
891 3325 950 3401 Su.
965 3339 1046 3423 871.
1074 3295 1274 3422 (Bokdtdii)

264 3423 431 3497 Scaniam
449 3422 481 3492 da
499 3421 743 3495 Smolandiam
756 3421 944 3498 australem
963 3428 1141 3521 praecipue
1161 3411 1284 3500 occult*

262 3522 341 3609 vit,
377 3520 499 3610 ibique
530 3516 735 3593 vastissimas
761 3519 952 3596 constituit
978 3527 1101 3616 silvas,
1136 3519 1191 3592 vix
1212 3493 1284 3578 verul

261 3616 384 3694 versus
410 3613 728 3710 Septentrionem3
754 3617 793 3692 in
816 3617 964 3696 Bahuha
988 3623 1075 3697 &in
1096 3625 1207 3696 monte
1225 3573 1284 3676 dt*

1225 3703 1274 3782 ierg

1101 3825 1284 3876 „dr

296 3924 335 4000 a)
356 3925 392 3987 lt.
416 3922 580 3985 Guthland.
603 3939 719 4004 maog.
836 3926 872 4006 b)
894 3927 928 3994 lt
952 3927 1078 3993 Oeland.
1098 3931 1145 3998 68.
1283 3959 1284 3964 κ

298 4005 330 4078 e)
355 4004 393 4074 lt.
414 4003 605 4076 scaniam.
836 4007 872 4086 d)
892 4009 930 4076 lt.
953 4007 1143 4078 wauton.
1165 3993 1241 4078 nit·
1281 4025 1282 4030 ¹

297 4087 330 4172 e)
353 4086 389 4148 lt.
413 4085 540 4155 Oelaud.
553 4099 603 4168 31.
627 4086 698 4150 item
719 4102 833 4174 p.134.

683 4421 736 4504 ὑ
