2626 4804
173 233 182 246 ··
197 253 235 300 --.·2
250 247 319 330 343
471 227 739 307 ausurus
768 226 1079 318 composuit.

171 441 196 496 a
247 413 319 488 rias
337 411 525 499 avenas,
564 433 641 504 quae
665 409 874 486 differentes
899 411 938 486 in
964 411 1098 507 plantis
1123 434 1219 488 non
1252 413 1310 490 sun

248 509 472 597 necessariae,
498 505 561 581 ubi
581 509 702 582 cursus
723 507 785 598 iit,
809 532 887 584 non
912 524 1034 584 autem
1059 511 1245 584 recursus
1268 515 1302 586 h·

160 685 163 693 ,
249 630 402 684 morum.
449 607 681 700 Vegetabilia
707 607 828 680 radice
854 606 888 681 se
915 609 1039 698 alunt,
1075 611 1308 702 quemadmo

250 710 333 782 dum
367 705 555 793 animalia,
585 724 738 797 quorum
764 703 904 779 Dudus
934 705 1147 782 thoracicus
1183 709 1308 785 radica

250 821 310 880 tur
331 801 604 877 &ramilicatur
628 801 671 875 ad
693 803 820 876 tubum
845 802 1110 894 intestinalem,
1133 804 1306 898 sterquili

249 905 348 978 nium
379 900 653 992 continentem,
683 901 780 973 unde
812 901 1022 974 alimentum
1050 903 1152 976 intra
1187 905 1287 976 anim

250 999 472 1089 extrahitur,
501 997 800 1092 quemadmodum
828 997 1017 1093 plantavid
1045 1011 1156 1075 extra
1185 1022 1313 1098 ποι-ρ’»

249 1099 349 1176 suum
374 1097 540 1190 acquirit.

345 1291 483 1366 Adhuc
519 1290 664 1365 tandem
701 1291 738 1365 in
770 1289 982 1391 memoriam
1015 1312 1212 1365 revocare
1243 1311 1297 1366 aaa

248 1393 495 1486 negligamus,
520 1383 707 1480 quomodo
736 1389 844 1464 foetus
871 1388 1078 1462 animalium
1106 1389 1245 1466 eadem
1261 1411 1299 1462 n·

247 1491 375 1577 tione,
408 1509 478 1580 qua
501 1487 654 1580 plautae,
687 1487 726 1561 in
748 1486 949 1579 primordio
975 1485 1038 1560 suo
1067 1487 1305 1578 succrescant,

246 1589 312 1680 ubi
338 1607 419 1658 curn
445 1584 611 1678 placenta
630 1585 773 1656 uterina
795 1584 870 1657 five
887 1583 1016 1656 vitello
1039 1585 1235 1678 radicant,
1256 1585 1305 1658 fu·

249 1685 376 1762 niculo
404 1681 601 1754 umbilicali
636 1681 867 1770 caulescunt,
904 1703 1105 1776 magnaque
1132 1695 1307 1778 exparte

157 1797 167 1804 ·
247 1784 363 1856 vitam
383 1779 622 1872 vegetabilem
640 1777 828 1869 crescunt,
855 1779 938 1852 dum
955 1780 1070 1873 prima
1092 1801 1230 1856 eorum
1249 1779 1308 1852 sta·

247 1881 347 1955 mina
371 1901 392 1953 e
415 1877 537 1952 carina
563 1876 778 1972 Malpighii,
802 1878 864 1950 vel
886 1879 1038 1952 cerebro
1062 1878 1310 1972 medullaque,

247 1980 309 2053 vel
349 1977 505 2070 analogo
545 1975 749 2052 medullaris
791 1974 991 2048 substantia
1029 1977 1309 2072 vegetabilium,

248 2076 338 2152 oriri
360 2073 552 2162 videntur,
577 2095 695 2166 neque
712 2073 831 2146 minus
852 2072 1005 2177 systemq
1018 2074 1118 2149 simul
1137 2073 1309 2148 vasorum

248 2199 269 2248 e
287 2175 400 2268 bulbo
418 2172 538 2244 cordis
555 2172 591 2244 in
607 2169 741 2264 puntlo
760 2170 920 2262 salienti,
945 2173 1111 2247 nutriens
1128 2171 1308 2248 effesturu

248 2273 440 2367 analogum
463 2267 663 2343 substantia
688 2269 854 2342 corticali
876 2270 1104 2364 plantarum..

345 2464 577 2562 Vegetabilia
608 2463 741 2558 triplici
770 2465 883 2538 modo
914 2466 1107 2563 propagari
1144 2465 1304 2542 animad-

224 2594 229 2622 ·
247 2568 435 2642 vertimus.
489 2563 627 2638 Primus
641 2561 692 2634 est
704 2583 769 2656 per
785 2564 880 2636 viam
897 2571 1129 2657 generationis,
1156 2567 1301 2657 quando

246 2670 370 2762 planta
403 2661 448 2734 ad
482 2657 796 2740 frudificationem
830 2673 1108 2750 transmutatur,
1150 2677 1195 2738 ut
1230 2666 1300 2738 vita

245 2760 452 2839 medullaris
478 2757 700 2846 dimittatur,
736 2772 844 2850 atque
870 2759 941 2831 hoc
965 2760 1077 2833 modo
1106 2759 1151 2833 ad
1184 2783 1296 2836 novas

245 2862 386 2954 plantas
415 2877 480 2948 per
503 2853 634 2928 semina
658 2854 897 2950 dispergatur;
924 2857 962 2930 in
988 2857 1086 2949 quod
1103 2859 1139 2932 in
1157 2875 1293 2956 vegeta·

245 2956 379 3030 bilibus
402 2953 453 3024 ita
476 2950 581 3028 estin
599 2951 683 3042 usu,
707 2967 749 3026 ut
763 2975 809 3027 ne
823 2955 982 3047 plantam
1000 2955 1146 3048 quidem
1164 2979 1288 3054 cogno

244 3055 403 3141 scamus,
429 3071 508 3143 quae
523 3052 603 3142 jure
629 3051 842 3143 excipiatur.
893 3052 988 3126 Heic
1008 3054 1104 3126 clare
1129 3055 1285 3148 perspiti-

242 3175 345 3239 mus,
375 3170 532 3246 gemmas
556 3147 769 3226 futurorum·
785 3170 985 3241 annorum,
1009 3173 1089 3252 cum
1117 3153 1164 3225 ad
1192 3155 1288 3227 flores

242 3247 596 3334 transmutabuntur,
622 3245 762 3338 aliquot
787 3269 901 3319 annos
929 3251 1290 3340 antetransforrnan',

237 3348 276 3420 ἀ
298 3348 322 3420 si
345 3347 421 3419 haec
445 3342 741 3436 metamorphosis
770 3344 808 3417 in
834 3344 1017 3438 principio
1047 3347 1111 3419 suo
1137 3348 1290 3422 inhibea-

240 3461 321 3531 tur,
360 3464 499 3534 gcmma
534 3443 648 3515 vitam
681 3439 775 3514 suam
811 3443 1013 3516 continuat.
1075 3444 1292 3539 Frullafirutr'r

241 3542 432 3616 constituit
456 3553 576 3632 partes
597 3543 728 3632 planta
747 3541 944 3633 genitales,
969 3563 1047 3634 quae
1067 3541 1291 3636 temporaria

240 3640 341 3727 sunt,
367 3639 400 3710 u
426 3635 507 3730 post
533 3637 676 3709 unicam
707 3638 981 3730 generationem
1009 3656 1177 3732 pereunt.
1227 3641 1291 3712 Ar-

238 3737 347 3812 bores
376 3736 520 3826 quidem
546 3736 741 3825 quotannis
767 3735 899 3808 llorere
924 3736 1112 3827 videmus,
1146 3752 1185 3811 at
1208 3737 1292 3811 scire

238 3857 307 3910 nos
329 3845 499 3927 oportet,
524 3831 560 3904 id
581 3831 806 3924 vegetabile,
834 3833 931 3924 quod
953 3833 1017 3906 ista
1037 3836 1209 3930 genitalia
1231 3835 1289 3906 vel

240 3935 350 4008 dores
368 3928 547 4030 perdidit,
576 3951 697 4012 novos
720 3951 796 4002 non
826 3951 1062 4026 recuperare,
1089 3933 1146 4010 sed
1169 3931 1288 4030 postea

1176 4051 1288 4104 orren-
