2630 4776
283 229 484 313 cuunn
513 229 757 310 MU‘I'ATA.¹
976 255 1046 314 121

457 419 493 508 §-
541 409 590 486 11.

106 531 134 607 Si
152 533 428 630 Psaeparmionem
446 535 588 607 ciborum
610 531 703 627 apud
729 543 896 624 veteres,
924 531 1051 626 dapes·

31 653 134 726 queex
153 645 232 706 aste
250 629 373 726 Apicii
398 629 612 721 adornatas,
636 651 719 704 curn
738 627 852 721 cibis,
875 651 966 724 quos
987 651 1050 702 co-

31 727 280 826 plmagnamm
307 726 432 801 nostro
464 740 631 820 tempore
655 743 804 822 parant,
833 727 1049 817 contuleris,

25 843 134 900 nomm
154 841 254 900 certe
276 827 314 900 in
331 825 387 899 his
405 825 554 920 adparet
573 823 783 915 discrimen,
808 841 981 920 quantum
996 825 1050 900 in·

19 935 62 996 ter
76 923 287 998 vestimenta
312 937 478 1022 veterum
501 935 610 1015 atque
631 922 829 1014 bodiema,
856 925 916 996 vel
940 923 1051 998 etiam

14 1021 96 1094 inter
117 1023 301 1095 hominem
332 1023 509 1094 larvatum
532 1020 565 1092 u
588 1019 725 1114 gallicis
750 1023 971 1094 ornamentis
997 1023 1051 1098 in·

14 1117 176 1192 struilum.
208 1118 346 1211 'Huius
370 1139 464 1190 vero
487 1117 524 1192 in
544 1117 636 1190 cibis
661 1115 900 1192 conficiendis
922 1119 1050 1195 discre-

14 1217 129 1306 pantiae
153 1237 231 1290 non
254 1237 327 1290 una
347 1215 484 1310 semper
512 1228 621 1308 atque
645 1215 769 1290 eadem
792 1215 897 1290 datur
925 1217 1050 1294 caussa.

15 1313 109 1402 Mos,
133 1314 242 1386 trium
268 1314 329 1386 ille
345 1314 546 1386 litterarum
564 1327 761 1406 tyrannus,
789 1313 871 1386 heic
890 1337 965 1390 non
989 1315 1052 1392 suo

19 1409 199 1484 deilintimr
220 1409 403 1506 suffragio.
455 1408 565 1484 lodie
585 1409 619 1484 u
640 1433 716 1504 quae
733 1410 811 1483 aliae
834 1411 912 1485 sirnt
935 1415 1052 1510 regio·

24 1527 77 1578 tes
96 1507 231 1600 diffitae,
257 1530 345 1600 quas
365 1506 593 1602 postmodum
614 1507 830 1604 detexerunt
847 1525 909 1582 aut
931 1511 1052 1590 saltem

23 1603 202 1679 moranus
227 1605 416 1679 vilitarunt
434 1608 627 1697 mortales,
651 1607 769 1680 varias
792 1627 850 1680 res
874 1621 979 1682 antea
1001 1611 1052 1685 in·

19 1703 163 1794 cognitas
193 1703 367 1794 advenis,
411 1705 606 1798 paullulum
644 1703 693 1776 ibi
725 1707 1053 1798 commorantibus,

20 1799 126 1871 obtule
143 1815 233 1892 unt,
260 1821 338 1894 quae
358 1803 482 1896 palato
510 1801 731 1904 apridentcs,
763 1815 872 1896 atque
899 1804 983 1878 ideo
1013 1807 1053 1882 in

16 1891 180 1990 Europam
199 1899 395 1974 redeuntes
414 1893 595 1972 comitata
613 1915 823 1994 perpetuam
838 1901 984 1976 humani
999 1905 1053 1979 in.

18 1995 99 2086 genii
120 1997 397 2070 mutabilitatem
423 1993 649 2086 infeccrunt,
676 2011 806 2090 utpote
832 2021 910 2092 quae
936 2001 1053 2074 varie·

20 2091 133 2166 tatibus
164 2089 385 2184 delebiatur,
420 2092 600 2167 &omnia
624 2094 868 2188 experiendo,
900 2097 1054 2172 meliora

20 2185 99 2278 sape
119 2192 278 2280 invenit,
303 2211 438 2284 eaque,
461 2191 516 2262 uti
537 2189 591 2262 fas
606 2189 681 2280 est,
705 2191 948 2267 deterioribus
964 2217 1053 2286 prae·

25 2281 95 2358 lert.
134 2287 186 2364 Ex
208 2285 333 2364 multis
353 2287 493 2362 summis
515 2287 625 2362 labris
645 2287 882 2364 delibabimus
907 2289 1053 2386 sequen·

34 2473 188 2554 solans
313 2479 400 2562 Sages
534 2493 571 2556 15
597 2477 744 2560 lepidius·
785 2480 963 2546 Aruernis

33 2556 175 2628 abialon
312 2559 450 2642 spinacia
534 2569 572 2624 ro
597 2559 737 2640 Silpbian
787 2560 899 2622 Allien

34 2637 167 2710 solnm
309 2639 450 2722 Atriplex
535 2657 571 2720 17
595 2637 706 2700 Garun
787 2639 989 2724 Encraficolts

34 2717 178 2800 ὕδωρ
304 2717 434 2796 Acetosa
534 2731 572 2792 ¹8
595 2717 690 2796 Pisces
789 2719 895 2802 Caspio

36 2799 137 2874 plina
153 2795 229 2862 alba
301 2797 379 2862 Beta
393 2797 485 2863 rubra
534 2817 572 2874 ι,
594 2797 696 2863 Olenia
788 2799 931 2880 Butyrum

39 2877 146 2944 alula·
306 2877 380 2962 cepa
533 2896 574 2946 llo
594 2877 666 2942 Mel
787 2881 965 2948 Saccbaru

36 2957 188 3034 olisna
305 2959 464 3034 Polliam
532 2976 567 3026 ar
594 2957 701 3100 Musa
793 2957 904 3024 Vinum

17 3049 48 3100 ro
64 3037 139 3100 Faba
301 3037 456 3120 Phaseolcs
532 3059 571 3106 aa
593 3043 650 3118 Zyt
671 3059 735 3112 nsN
787 3040 932 3126 Cereorfia

14 3127 43 3180 11
63 3117 160 3182 trusa
300 3119 505 3184 Dracusculns
534 3137 571 3202 23
595 3119 690 3182 Medo
787 3120 890 3184 Sorbet

14 3211 45 3260 la
63 3199 164 3282 Apim
176 3195 287 3274 ferros.
311 3197 417 3260 celleri
481 3195 484 3205 '
533 3221 575 3278 24
596 3199 701 3262 Calida
788 3203 866 3264 Thea

13 3289 44 3354 ις
60 3279 185 3420 mes
259 3279 442 3376 ,Μάρκῳ
533 3297 572 3360 ss
599 3277 705 3344 Vulva
786 3279 931 3350 Galatica

10 3366 44 3436 14
157 3355 256 3438 nisu.
297 3359 385 3444 Myr:
410 3379 463 3426 sca
864 3393 869 3400 ·

451 3529 485 3618 §.
537 3521 603 3602 111.

95 3639 358 3732 GLANDES,
391 3663 469 3736 quae
503 3641 712 3718 deciderant
743 3667 764 3720 e
790 3649 912 3742 patula
947 3653 1054 3744 Jovis

13 3733 128 3810 arbore
154 3737 325 3844 Quercu,
362 3739 508 3832 priscis,
543 3740 839 3845 fiScriptoribus
868 3747 901 3820 ἃ
927 3751 1052 3828 Poetis

14 3835 242 3938 auoqulffimis
264 3837 465 3926 credimus,
490 3839 664 3916 alimento
692 3841 860 3935 fuerunt,
884 3850 981 3940 quod
1003 3849 1052 3924 sa·

13 3937 51 4002 us
68 3933 212 4010 videtur
233 3935 448 4033 verifimile,
473 3958 625 4112 suffex
647 3939 836 4020 itinerario
852 3943 987 4024 Shawii
1012 3947 1052 4024 in

570 4053 595 4130 5
952 4041 1053 4118 Arri·
