2606 4762
188 166 395 284 sautum
408 197 820 284 :snuouounumr
958 211 1027 301 267
1086 199 1090 206 ·
1166 127 1170 148 ⁸

8 383 271 480 nmorando,
297 404 375 458 non
391 389 501 474 raro‚'
515 383 775 475 immerguntur
794 380 944 475 somno,
973 395 1028 475 ut,

8 485 81 578 auis
95 482 142 556 ad
167 503 278 556 aures
293 503 422 572 eorum
443 477 678 555 bombardam
700 492 938 570 exoneraret,
963 481 1030 554 vix

8 584 202 680 igilarent.
229 577 299 652 ‘Ar
311 603 356 654 ex
371 579 525 654 minimo
541 576 692 671 strepitu
709 575 889 652 excitatur
908 575 1028 655 senen.

8 683 59 754 inc
81 676 194 757 senes
218 677 416 771 juvenibus
440 673 560 769 exoli,
590 673 688 768 quod
717 674 913 772 pervigilio
943 673 1029 767 lasa,

8 779 71 852 irna
92 777 198 850 hora
219 775 397 848 matutina
423 771 537 858 lestos
565 769 647 847 suos
672 771 889 866 relinquant.
940 775 1031 880 Qui·

8 897 106 968 nque
132 887 310 967 tempore
335 871 487 964 aliive,
510 869 643 946 summa
672 891 824 960 aurora,
849 871 884 944 dt
906 873 1031 966 praci-

11 973 154 1048 edum
188 969 257 1043 Sol
289 968 479 1046 rutilantes
508 967 630 1042 radios
662 963 768 1062 supra
794 968 1032 1054 ,horizontem

8 1071 120 1166 argit,
149 1067 284 1142 cubitu
308 1066 418 1239 surgit
439 1065 592 1164 &aures
617 1065 713 1140 silvis
732 1066 766 1140 &
786 1065 878 1140 lucis
895 1069 1033 1162 prae'bet

11 1165 229 1262 nomadas,
247 1165 340 1238 ‘aves
372 1164 499 1242 onoris
519 1163 692 1258 vocibus,
716 1178 824 1258 atque
839 1165 1030 1262 multiplici

8 1278 156 1340 neentu
191 1263 439 1338 harmonicam
471 1261 700 1342 modulantes
731 1260 921 1356 muscam,
962 1285 1032 1358 qua

8 1363 58 1436 hil
84 1362 237 1450 dulcius
266 1359 480 1455 suaviusque
505 1357 619 1451 nihil,
649 1357 873 1434 letabundus
899 1359 1032 1436 auscul-

8 1461 76 1533 rhit
115 1458 250 1534 ‘Immo
271 1457 344 1553 ipse
371 1459 508 1630 fadus,
542 1457 603 1551 qui
631 1454 773 1530 rusticis
801 1455 852 1531 ell
878 1457 1031 1533 horolo-

8 1559 87 1646 lum,
112 1571 205 1632 ante
235 1557 353 1631 lucem
385 1575 509 1650 emper
534 1565 677 1645 tantm,
702 1554 856 1648 primum
876 1555 966 1630 lrora
982 1552 1029 1630 H.

8 1655 101 1730 einde
122 1657 223 1730 hora
238 1651 305 1730 Ill.
336 1651 520 1748 postremo
546 1673 639 1726 vero
671 1653 763 1726 hora
782 1650 850 1726 IV.
880 1675 949 1746 qua
974 1676 1032 1729 ru·

8 1751 77 1826 icus
95 1751 214 1850 surgit
237 1751 271 1824 dt
293 1771 442 1826 munera
458 1749 675 1864 'aggreditur
700 1747 780 1856 strae
804 1749 862 1823 sed
887 1751 932 1826 ad
960 1751 1033 1848 pri·
1068 1835 1071 1842 ,

8 1869 64 1924 am
94 1851 226 1926 avium
263 1869 396 1924 vocem
431 1847 637 1942 excusatus,
676 1846 790 1944 surgit
821 1850 1035 1945 plerumque

9 1969 89 2022 nex.
338 1973 341 1982 ¹
911 1970 917 1988 ¹

102 2107 162 2182 13·
192 2086 244 2162 Er
267 2031 482 2184 deprimamur
508 2077 657 2162 FILIAE
683 2037 902 2158 CANTUS.

69 2226 190 2302 Aures
210 2225 294 2302 filiae
307 2223 555 2317 suntemtus,
580 2223 653 2300 line
670 2222 799 2318 quibus
819 2243 946 2302 cantus
966 2251 1032 2306 no·

8 2319 39 2394 is
56 2327 186 2402 nullus.
238 2322 421 2399 Auriculae
443 2321 565 2402 senum
590 2343 667 2398 non
691 2323 803 2400 modo
825 2327 1035 2406 exaridar&

10 2423 195 2518 ontradiae,
224 2431 354 2496 'verum
381 2419 489 2493 etiam
523 2419 702 2495 surdastrae
729 2418 844 2515 fiunt,
875 2423 1034 2520 ideoque

13 2537 55 2590 on
84 2531 190 2594 tanto
218 2517 420 2612 voluptatis
445 2515 543 2592 sensu
568 2539 614 2591 ex
637 2517 766 2592 mufica
795 2515 828 2593 dt
850 2523 1033 2618 cantibus,

11 2625 87 2708 tque
110 2616 380 2702 adolescentes,
412 2616 625 2708 capiuntur,
652 2614 739 2707 quin
763 2617 942 2710 ejusmodi
968 2623 1034 2697 ob·

10 2715 192 2800 edamenta
211 2713 283 2790 illis
301 2711 446 2788 taedium
466 2712 590 2808 potius
608 2711 761 2808 pariant.
899 2709 908 2731 ⁹
1122 2741 1124 2746 ·

211 2872 224 2895 ι
286 2859 303 2896 0

389 2929 532 3018 Vsus.
563 2928 614 3003 V.

177 3085 236 3158 14
264 3063 380 3140 Etiam
402 3089 423 3138 a
444 3089 481 3140 re
503 3063 647 3140 ALTA
672 3069 836 3142 timebunt.

80 3191 242 3274 Maxima
265 3197 348 3274 sane
374 3200 567 3296 voluptas,
600 3199 634 3274 dt
662 3204 963 3280 obleslarnentum
996 3205 1035 3282 ln

13 3305 36 3356 o
58 3291 161 3368 etiam
186 3297 343 3370 vertitur
375 3318 592 3392 puerorum,
626 3315 679 3373 ut»
695 3299 826 3376 summa
853 3302 1033 3378 montium

13 3389 167 3466 acumina
185 3391 414 3470 &altissimos
429 3397 542 3468 colles
565 3393 745 3474 scandant.
798 3397 909 3474 Senes
928 3425 1051 3495 vero‚.

14 3495 88 3556 ento
99 3487 209 3582 gradu
228 3493 432 3583 ambulant,
461 3487 620 3568 minimis
641 3497 765 3570 obviis
788 3499 947 3573 titubant
970 3501 1035 3574 ob·

14 3571 147 3684 iaculis,
173 3591 399 3684 maximaque
423 3591 587 3665 molestia
612 3591 729 3710 sepem
752 3596 839 3668 licet
863 3598 1035 3672 humilem

15 3678 175 3780 pandunt3
198 3687 272 3760 &fr
289 3688 371 3760 loca
384 3700 513 3783 petant
531 3689 779 3785 procliviora,
804 3693 1036 3770 anhelatione

16 3775 316 3889 eresuffocantur‚
343 3805 426 3860 cum
446 3784 663 3881 scorbutici,
691 3789 920 3887 oedematdss‚
944 3793 1034 3866 asth-

16 3881 106 3946 natrcr
128 3876 250 3978 i'eplus
259 3918 267 3952 ι
277 3883 449 3960 evadunt.

903 4005 958 4080 ις.
987 3987 1036 4063 Et
