2630 4776
7 267 12 282 .
128 211 532 298 memorum
565 211 993 300 GRAVEOLENTIA.
1025 241 1096 318 149

47 399 246 513 Sole-enim
283 387 579 512 obseruationem
607 398 786 512 famegine
818 397 933 496 prisca
969 401 1030 478 iiia
1061 372 1104 476 &¹
1145 465 1148 472 .

52 495 283 593 sinubmssima
300 497 558 573 continebatur
580 495 788 588 Medicina,
814 498 873 573 eui
890 521 935 572 an
954 501 1096 598 Hippo·

55 612 171 688 cretes,
195 597 261 668 vel
276 593 368 668 alius
384 595 585 708 quisquam,
609 595 761 690 primam
775 593 916 670 dederit
927 597 1095 690 sormam,

49 717 160 770 nuncu
177 689 403 768 vetustiffimi
418 715 486 766 eur
503 695 741 772 monumenta
761 691 930 780 decidere
952 709 1093 773 vetant.

45 791 186 868 Interim
211 791 292 866 baee
316 802 421 866 erant
444 791 532 866 artis
559 791 691 897 initio·
722 851 731 866 .

502 977 538 1068 §-
588 967 669 1046 ιι·

114 1093 363 1200 'Quumuero
373 1091 706 1168 animadverterent
722 1091 831 1168 etiam
848 1103 1008 1184 veteres,
1019 1069 1095 1166 me

44 1195 242 1270 dicamente
258 1193 415 1266 maxima
430 1189 596 1288 proficua
619 1190 700 1266 casu
717 1191 820 1266 fimili
835 1190 1013 1266 interdum
1030 1187 1095 1264 sai·

46 1295 134 1382 iere,
164 1311 237 1364 nec
261 1305 357 1364 uoto
382 1288 520 1386 semper
544 1288 788 1386 respondere,
814 1287 872 1364 sed
899 1311 977 1384 que
1001 1287 1094 1364 ulios
1203 1303 1212 1319 “

52 1393 228 1484 juvarent,
262 1409 399 1462 nocere
422 1387 502 1462 aliis
526 1388 708 1477 remedia;
734 1386 836 1462 nodo
863 1385 1095 1480 impliccbtn·

56 1501 104 1562 tur
114 1487 264 1584 gordio,
287 1487 350 1582 qui
364 1485 457 1588 snivi
472 1509 550 1562 non
568 1499 715 1582 poterat
729 1487 802 1562 sine
821 1484 987 1560 ulteriori
1005 1505 1095 1558 con·

52 1585 254 1660 idemtione
278 1585 394 1660 Morus·
410 1583 444 1658 dc
463 1585 706 1662 Medicamenti.
762 1583 952 1658 ordinatis
973 1583 1096 1676 itaque

50 1681 371 1776 observationibus,
391 1681 650 1778 systematicam
670 1681 840 1758 assumere
853 1682 1005 1756 sormam
1014 1677 1096 1754 Me·

47 1783 158 1857 dicina
180 1781 315 1879 erepit,
341 1781 443 1875 cujus
463 1781 605 1858 facilem
627 1782 665 1856 in
684 1781 786 1876 praxi
810 1781 909 1856 usum
925 1779 1095 1854 videntes

46 1881 182 1974 medici,
208 1879 321 1978 magis
343 1877 460 1975 adbuc
477 1879 711 1956 sciennficam
737 1879 992 1956 desiderarunt.
1042 1873 1096 1952 At

47 2002 172 2054 nouem
203 1973 588 2076 ingrediendo'viem,
620 1999 689 2074 pro
714 1977 778 2052 sue·
799 1979 951 2073 quisque
975 1975 1094 2070 hypo·

49 2079 147 2170 theo,
174 2097 295 2152 novus
317 2097 394 2150 non
415 2075 630 2162 observare,
649 2075 715 2166 =sed
733 2075 871 2172 fingere
895 2071 1095 2148 morbos&

52 2175 191 2250 medelas
220 2172 379 2250 infausto
409 2175 535 2250 omine
558 2173 658 2252 orsus
691 2171 764 2264 est,
798 2171 893 2246 unde
921 2183 1022 2244 tanta
1054 2169 1094 2246 in

58 2271 221 2348 scientiam
248 2269 434 2348 salutarem
459 2270 581 2348 sensum
612 2270 753 2364 irrepsit
777 2291 896 2344 rerum
927 2265 1093 2344 consutio

56 2367 342 2462 &incertitudm
377 2383 418 2446 ut
442 2369 516 2446 dici
544 2391 621 2446 non
641 2367 766 2466 posit,
803 2383 977 2462 quantum
1008 2363 1094 2440 inde

50 2469 179 2566 decepti
212 2467 352 2543 fuerint
387 2468 527 2544 Medici
560 2467 669 2542 ctiam
705 2467 815 2542 bodie
851 2463 1093 2556 celeberrimi,

47 2590 213 2662 quemque
229 2563 474 2644 dissentientia
492 2565 537 2644 de
556 2565 695 2644 morbis
716 2565 852 2664 pariter
865 2585 908 2642 ac
923 2559 1093 2640 remediis

44 2665 301 2760 judicieemta
322 2663 399 2748 sint
1199 2665 1211 2678 ·

489 2825 525 2914 §.
574 2817 642 2896 111.

25 3013 29 3024 ,
131 2939 288 3036 Loquor
313 2936 584 3036 Putbologiam3
618 2937 763 3038 quoties
786 2939 884 3016 enim
907 2938 1092 3016 varianter

43 3039 90 3112 ibi
103 3039 281 3114 iediiones
297 3040 491 3131 recordor,
518 3061 594 3112 non
617 3039 756 3134 possum
771 3061 848 3114 non
867 3037 990 3114 mirari
1009 3059 1092 3132 pru·

42 3137 243 3212 dentiorum
255 3135 463 3214 industriam
481 3136 727 3229 Medicorum,
750 3137 810 3231 qui
826 3133 983 3212 confusrs
996 3155 1092 3210 mor·

39 3235 165 3310 borum
189 3233 281 3308 ideis
301 3235 491 3326 contenti,
518 3257 589 3309 nec
609 3233 672 3330 ipsi
697 3234 864 3310 morbum
882 3233 951 3306 rite
970 3229 1092 3308 distin·

38 3353 165 3426 gnere,
191 3353 260 3406 nec
278 3331 323 3406 de
336 3333 455 3407 morbi
502 3353 611 3424 enere
629 3333 724 3407 inter
745 3331 779 3406 se
802 3331 1005 3406 conuenire
1028 3351 1093 3404 ve·

38 3431 135 3522 ient,
161 3431 254 3504 adeo
279 3443 342 3524 ut,
370 3444 462 3526 quot
477 3353 597 3506 {odie
623 3430 763 3506 Medici
788 3428 831 3503 ad
853 3429 1007 3504 eundem
1035 3444 1092 3503 ae·

40 3527 170 3606 cedunt
200 3542 398 3624 egrotum,
434 3541 493 3603 tot
522 3529 599 3603 sere
633 3527 781 3604 diversus
811 3527 871 3602 bic
908 3527 1093 3604 obnoxius

39 3625 170 3700 morbis
195 3627 233 3700 in
258 3626 497 3722 opprobrium
524 3626 612 3701 artis
638 3625 789 3702 dicatur.
850 3627 972 3730 Quum
1000 3642 1093 3700 vero

40 3744 153 3798 meum
171 3725 327 3816 nonsit,
353 3737 472 3798 tantas
491 3721 660 3799 dirimere
677 3725 782 3816 lites,
804 3723 877 3799 boc
898 3727 985 3798 loco
1005 3717 1093 3798 nm

41 3819 128 3910 ciat,
153 3845 196 3896 ea
219 3821 332 3896 modo
355 3819 538 3916 delibare,
564 3845 642 3916 que
667 3823 825 3918 planiori
855 3822 1093 3898 dicendorum

42 3915 233 3998 intellectui
259 3917 469 4000 inserviant.
568 3919 770 4020 uadruplici
798 3931 917 3996 autem
950 3916 1095 4089 retioffle

252 4023 258 4036 '
608 4041 629 4116 3
913 4033 1036 4094 nece
1064 4035 1100 4088 a·
