2604 4786
199 185 201 196 ’
260 243 332 322 262
479 225 681 322 suumn
712 223 1095 324 snououruu.

669 389 814 498 unis.
847 419 912 497 111.

336 539 372 615 6.
406 538 481 648 Quo
507 555 643 638 tempore
668 543 943 616 cunmuueluutur
974 535 1235 616 CUSTODES
1289 603 1290 612 ,

689 641 890 712 litidumus.
1017 663 1018 667 ¹
1211 693 1214 698 .

356 751 540 828 Animalia
564 755 735 848 pleraque
771 755 879 829 annis
907 741 1075 829 instruile
1104 753 1206 844 sunt,
1237 751 1290 846 qui]

258 851 328 930 bus
342 874 419 926 non
433 864 572 925 tantum
591 873 611 924 a
628 854 798 926 violento
812 849 968 926 hostium
986 854 1128 947 impetu
1148 849 1215 924 sese
1227 853 1290 925 libe*

258 972 361 1042 rare,
385 949 643 1024 verumetiam
670 949 749 1024 aliis
776 951 909 1024 noirarn
937 951 1141 1024 accelerare
1161 947 1271 1044 pollun

257 1048 386 1124 Homo
411 1047 577 1122 manibus
604 1045 744 1120 bostem
770 1047 869 1120 suum
891 1059 1008 1120 tentat
1032 965 1290 1158 contundereli

257 1145 440 1237 brachiis,
484 1145 523 1220 in
555 1143 685 1258 quibus
718 1144 857 1241 agilitas
893 1143 926 1216 ἀ
959 1145 1071 1217 robur
1109 1145 1290 1238 primariun

257 1241 443 1333 consistit,
475 1263 630 1316 maxima
659 1243 875 1316 deuteritate
909 1239 1150 1335 ampletlitur.
1202 1239 1283 1332 Ene-

256 1341 393 1416 rientia
422 1337 595 1430 testatur,
628 1339 722 1415 feras
754 1337 793 1414 in
821 1340 986 1414 homines
1013 1339 1154 1414 sunnno
1184 1335 1290 1412 irrue

254 1436 420 1534 impetu,
448 1435 507 1512 sed
530 1438 697 1533 amplexu
721 1439 772 1512 ita
797 1436 1034 1532 compulsas,
1061 1437 1097 1510 δι
1121 1438 1216 1512 inter
1234 1437 1280 1508 bn·

257 1536 343 1610 chia
373 1531 567 1616 suffocatas
600 1535 726 1627 fuisse,
770 1549 811 1608 ut
835 1536 949 1610 vitam
982 1531 1153 1609 exhalare
1188 1530 1285 1606 coauae

256 1633 407 1708 fuerint.
459 1629 852 1726 Urgentenecellrtate
872 1647 999 1707 natura
1021 1631 1220 1726 (inicuique
1236 1629 1286 1702 aui·

256 1730 428 1820 analium,
455 1729 640 1804 custodem
657 1730 755 1804 suum
770 1731 956 1807 monstrat.
1002 1730 1144 1804 Pecora
1162 1727 1290 1804 inimicit

222 1867 227 1878 ·
257 1827 330 1903 suis
348 1847 487 1902 cornua
503 1842 708 1922 opponunt.
755 1831 848 1904 Vires
864 1837 899 1902 in
914 1829 1149 1926 cornuasumit
1165 1829 1287 1902 Taurus:

258 1927 364 1998 Ouid.
416 1921 525 1998 Canis
547 1923 694 2000 rabidos
710 1924 836 2000 dentes
856 1926 1031 2000 ostendit:
1059 1925 1087 1998 F
1090 1926 1158 2000 elis
1172 1847 1290 2048 rapaci

256 2041 410 2117 ungues.
429 2022 576 2116 ·Equus
599 2025 714 2097 calces
734 2023 952 2098 remittendo
973 2022 1116 2098 hostein
1134 2021 1287 2118 profligat

254 2117 386 2208 Homo
418 2132 538 2196 autem
565 2121 722 2194 brachiis
749 2121 901 2196 extensis
930 2119 1137 2195 adversario
1168 2116 1290 2192 obviiut

255 2217 365 2291 venit
380 2217 570 2312 subque,
599 2219 717 2292 vicem
742 2217 873 2312 optimi
896 2217 1029 2292 tutoris
1056 2217 1091 2290 δι
1119 2213 1290 2300 defensoris}

257 2328 382 2410 agunt.
434 2315 527 2420 Quis
552 2315 620 2390 hos
653 2314 780 2389 domus
808 2313 995 2406 custodes,
1027 2327 1134 2390 aetate
1163 2309 1290 2389 trenna

255 2411 538 2503 erubeseunt,
565 2411 736 2508 ignorati
765 2410 943 2504 Tremor,
969 2412 1130 2490 defetlus
1151 2410 1286 2507 syllena

256 2509 310 2582 tis
327 2508 471 2584 nervuli
495 2509 629 2605 iignum
653 2509 715 2584 est.
767 2509 985 2615 Quicunque
1011 2512 1050 2588 in
1072 2505 1290 2588 adolescentia

256 2605 446 2680 laboribus
473 2606 507 2681 se
537 2605 675 2702 fregit,
712 2608 771 2702 qui
802 2611 940 2684 Veneri
964 2608 1006 2706 ,ἃ
1030 2607 1177 2684 Baccho
1204 2601 1290 2686 ninii

255 2702 407 2778 fuerunt
423 2703 566 2795 additli,
591 2703 634 2778 de
653 2705 725 2780 hoc
741 2709 837 2780 malo
853 2708 1006 2800 primum
1027 2715 1285 2801 conqueruntur.

255 2797 380 2874 Navis
401 2801 438 2876 in
462 2801 564 2875 vasto
588 2804 698 2893 mari,
728 2803 833 2877 undis
857 2803 1154 2898 &spumantibus
1181 2799 1285 2896 agitata

256 2895 448 2988 fluetibus,
491 2901 664 2994 procellis
694 2900 937 2994 imbribusque
982 2901 1167 2992 obnoxia,
1202 2897 1285 2970 citius

256 2995 408 3070 vacillat
433 2993 715 3087 attenuatur,
744 2996 902 3091 tensaque
925 2999 1003 3094 eius
1023 2999 1132 3073 citius
1153 2997 1290 3071 reluuan·¹

257 3102 318 3165 tur
344 3091 471 3182 funes,
503 3116 606 3185 quarn
632 3095 693 3166 illa
718 3093 845 3186 navis,
871 3117 947 3189 quae
972 3097 1011 3172 in
1037 3110 1120 3170 tuto
1139 3095 1173 3170 tc
1191 3085 1290 3168 clausu

258 3205 391 3286 portu,
416 3193 605 3284 tranquilla
631 3192 755 3285 jacuit.

358 3331 394 3402 7.
421 3309 471 3384 Et
490 3323 679 3406 pervertent
696 3311 766 3406 sls‘
790 3305 1063 3386 VALENTES
1093 3315 1210 3384 robure.
1289 3345 1290 3378 ;

333 3425 393 3498 De
419 3425 582 3522 genubus
613 3424 757 3500 dilium.
809 3422 980 3518 Cujusvis
1011 3427 1212 3502 animalium
1240 3439 1290 3492 ruz

256 3520 325 3595 bur
344 3521 546 3605 ramusculis
565 3525 718 3616 pendet3
746 3544 818 3617 quo
838 3524 1011 3598 fortiores
1029 3525 1127 3599 enirn
1147 3517 1290 3602 musculin

257 3640 305 3694 eo
324 3618 457 3692 fortior
479 3636 599 3693 motus
617 3620 706 3700 inde
734 3621 899 3710 resultat,
928 3621 961 3693 ἃ
986 3635 1135 3713 contra,
1159 3641 1197 3694 at
1220 3615 1290 3686 dunl

254 3717 378 3812 plures
407 3717 450 3788 ad
478 3737 588 3790 uuum
616 3717 840 3810 eundemque
875 3717 1039 3794 effectum
1071 3725 1281 3795 concurrunt.

253 3823 343 3888 tuuc
365 3809 445 3888 sane
464 3812 597 3889 fortior
620 3816 744 3888 evadit
767 3835 897 3889 rrrotus.
948 3817 1103 3890 Necesse
1122 3816 1211 3890 enim
1232 3805 1290 3888 estu

251 3924 297 3986 ut
318 3911 415 3987 funis
439 3906 561 4005 filum3
588 3913 919 4007 caeteribparibus,
947 3915 986 3987 vl
1012 3911 1163 4009 strperet.
1198 3899 1280 4075 ΝιέΙῐΙί

1219 4026 1236 4078 c
1270 4037 1278 4054 .
