2604 4786
166 259 420 352 PANDORA
451 249 807 367 materonum
944 263 1016 348 aas

434 499 443 520 .
492 441 562 519 Vl.

264 452 714 664 STRleTURlb

76 725 244 804 snueura
259 727 295 800 dt
309 725 421 800 facies
440 721 848 809 lnsedlorumexterna,
874 713 1020 824 ratione

11 827 120 900 rliumru
148 823 377 916 animalium,
416 819 600 914 singularis
630 817 707 904 esta
751 815 867 888 tribus
906 833 1019 905 enim,

10 941 101 1018 preter
124 919 441 1010 artussdislindlis
465 917 501 992 dt
524 916 677 992 incisura
693 938 714 988 a
733 912 768 988 se
787 911 946 989 invicem
970 911 1020 986 se·

10 1023 104 1114 paratis
122 1019 290 1096 constant
310 1018 496 1114 partibus,
527 1019 637 1114 Cupite
653 1033 810 1106 nempe,
842 1009 1023 1124 Trunca&

10 1121 167 1209 elimina,
209 1117 376 1194 funiculo
414 1113 640 1190 solummodo
678 1109 780 1186 tenui
820 1129 1021 1202 connexio,

10 1218 73 1291 unde
93 1217 195 1294 etiarn
221 1213 357 1292 lnsedlo
380 1238 401 1290 a
424 1213 612 1288 veteribus
638 1209 732 1286 disla
758 1207 849 1284 sunt.

409 1447 443 1538 ς.
492 1438 581 1517 vu.

74 1579 236 1656 CAPUT
262 1579 428 1671 auribus,
462 1579 631 1672 naribus,
664 1581 889 1674 cerebroque
919 1577 1024 1656 desti·

11 1681 256 1774 commortalis
287 1675 472 1752 instruitur
500 1678 608 1752 nullia
633 1678 872 1774 gaudentibus
901 1681 1025 1774 polpe-

10 1779 77 1868 bris,
98 1779 150 1852 scd
167 1798 296 1852 eorum
316 1777 404 1850 loco
420 1775 626 1852 membrana
644 1789 814 1874 teguntur
831 1781 1024 1876 pellucido,

10 1897 62 1967 qua
79 1873 343 1950 conservationi
369 1896 495 1948 eorum
514 1871 674 1948 inservit
724 1874 857 1950 Praeter
879 1883 1026 1974 oculor,

10 1975 58 2046 uio
74 1995 211 2068 quoque
235 1970 385 2068 praedita
407 1969 488 2046 sunt
513 1969 628 2046 sensus
655 1993 808 2066 orgnnn,
839 1977 946 2052 nobis
972 1981 1027 2056 in·

10 2071 211 2166 conceptibili
228 2083 336 2164 atque
356 2065 578 2160 admirabili,
602 2069 699 2164 quod
717 2070 859 2145 duobus
884 2077 1029 2158 constat

10 2167 244 2242 ANTENNIS
277 2165 474 2242 articulatis
500 2167 534 2242 u
559 2167 770 2256 flexilibus,
818 2167 1027 2268 ipsr'capiti
1157 2197 1168 2224 ²

14 2263 136 2360 insertis,
165 2265 298 2360 quibua
328 2287 523 2360 corporum
548 2263 608 2337 s1bi
636 2265 832 2340 obviorum
863 2283 1028 2348 naturam

15 2362 186 2455 explorant,
216 2384 261 2438 an
277 2363 348 2436 illis
370 2377 454 2460 apta
467 2365 529 2438 vel
550 2361 674 2458 inepta
691 2361 778 2451 sint3
803 2367 1030 2469 percipiendi

12 2477 75 2534 cero
90 2461 218 2538 modus
244 2483 313 2535 nos
337 2463 483 2556 penitus
506 2461 620 2558 sugit,
649 2461 820 2555 quoniam
849 2465 1029 2558 eiusmodi

11 2575 57 2628 ooo
74 2571 150 2636 non
170 2557 369 2651 habemus,
395 2557 558 2652 adeoque
584 2558 693 2632 nobis
716 2581 818 2653 aque
845 2563 1031 2642 intelleclu

11 2653 150 2748 dificilis,
183 2679 228 2732 ac
252 2655 411 2732 auditum
436 2655 511 2732 fine
535 2655 693 2752 propriis
720 2659 908 2754 percipere
936 2665 1031 2738 auri·

11 2751 67 2824 bus.
108 2755 309 2846 Antennae,
335 2753 480 2830 ratione
508 2751 911 2852 fignae,0etup11·citer
942 2781 1031 2836 con·

11 2845 193 2929 iderentur:
219 2855 355 2930 storea
369 2847 473 2942 sunt,
497 2875 575 2946 qua
597 2851 794 2928 extrorsum
821 2857 1030 2936 tenuiores:

11 2945 185 3040 lilsmnes,
214 2949 343 3046 quibua
367 2950 490 3026 eadem
519 2949 597 3026 sere
622 2949 738 3024 totius
764 2949 816 3026 est
839 2955 1032 3048 crassitiear

11 3041 242 3139 Mmirfsormes,
264 3069 344 3141 quae
363 3071 409 3124 ex
431 3047 598 3144 pluribus
618 3019 826 3144 composito
851 3049 930 3126 sunt
953 3057 1034 3148 glo·

11 3137 79 3216 bulis
95 3147 295 3240 faciemque
311 3147 474 3240 praebent
490 3143 659 3232 monilis3
685 3151 848 3238 cunata,
875 3171 953 3242 que
973 3174 1034 3228 ex·

11 3241 133 3318 norsum
160 3241 364 3334 crassioresq
404 3249 571 3340 Cupientes
600 3243 755 3336 denique
789 3245 928 3337 apicem
955 3251 1034 3344 glo·

11 3333 75 3410 bttlo
98 3341 331 3416 terminantes
363 3343 604 3445 appellamus:
637 3341 759 3438 siffiler
781 3340 863 3416 sunt
885 3345 945 3418 vel
969 3352 1036 3422 lorr-
1104 3349 1116 3385 ⁸

11 3439 202 3524 qiculimlicer
221 3437 332 3530 tales,
357 3453 399 3513 ut
422 3439 459 3513 in
478 3437 695 3530 Searobaeis,
721 3439 782 3512 ubi
803 3440 906 3534 apice
926 3445 1036 3538 pluri·

11 3527 59 3604 bus
79 3535 223 3610 lamellis
246 3535 422 3612 dividitur
439 3539 543 3612 clavo
561 3537 780 3628 terminalis,
805 3539 865 3610 vel
890 3549 1035 3620 verticil-

11 3627 91 3720 sarim,
111 3635 254 3726 quando
271 3633 434 3729 pluribus
457 3633 599 3708 constat
622 3635 772 3708 lamellis
791 3639 1036 3714 tranaverscti.

11 3721 77 3820 bus,
98 3747 136 3804 ut
158 3729 430 3821 Dermestibuaq
457 3733 650 3819 Panemo,
677 3753 829 3824 quorum
852 3757 962 3810 unum
985 3741 1037 3812 la·

11 3831 52 3894 tur
76 3827 153 3921 pilis
188 3827 374 3904 instruitur
408 3829 623 3906 informem
652 3829 826 3924 pectinis
861 3837 1034 3926 Βανὺωα,

11 3937 69 4012 qua
91 3928 172 4022 pilia
196 3927 269 4006 llne
293 3927 423 4007 ordine
447 3923 531 4010 flul
553 3927 723 4027 gaudent.

954 4055 1036 4148 .Or,
