2700 4780
224 200 297 283 pq
587 179 675 272 sus
704 177 913 259 sonorem

227 359 325 466 mvn
359 307 583 450 domimum
617 359 660 432 au
693 359 908 454 dejectarum
945 358 1114 432 amorum
1151 349 1300 428 rauce«

227 459 390 556 eligunt,
412 458 709 538 umbraculum&
727 456 840 532 solum
861 456 1017 530 habituri
1037 455 1206 528 mollius.

326 593 440 668 AER.
481 593 626 668 Etiamsi
646 596 739 688 apud
760 616 829 668 nos
848 615 975 689 graves
994 591 1195 666 sustineant
1211 587 1303 677 hye

230 715 321 778 mer,
347 694 507 765 minores
522 705 642 765 tamen
661 693 755 786 apud
769 716 837 765 nos
855 691 962 779 fiunt,
989 712 1093 785 quam
1109 690 1149 761 in
1165 683 1304 758 austra·

230 790 349 881 rmus,
382 792 445 864 nisr
472 791 678 864 alimentum
709 793 866 864 calorem
898 789 1088 875 resarciat;
1126 801 1302 876 tempore

229 909 351 960 verno
395 889 586 977 videmus,
640 905 772 980 quanta
818 888 1016 981 cupiditate
1039 924 1041 929 ·
1063 883 1295 979 apricitatem

232 999 416 1078 qttaerant,
446 987 537 1078 adeo
565 999 606 1060 ut
632 989 751 1060 cibum
788 986 879 1059 hanc
898 987 946 1056 ob
967 1007 1042 1058 rem
1067 982 1163 1076 saepe
1187 977 1291 1072 negli
1343 1033 1344 1042 κ

229 1101 338 1179 gant,
375 1085 408 1156 dc
436 1108 456 1155 e
481 1085 668 1178 contrario
692 1084 886 1158 audiumno
911 1084 945 1156 ἃ
972 1084 1090 1157 hieme
1119 1091 1296 1173 quantun

230 1193 415 1255 vexentur
440 1185 532 1255 airis
551 1183 715 1273 injuriis,
746 1183 827 1256 dum
848 1184 1007 1276 ejulant,
1039 1177 1203 1271 inquieti
1223 1195 1296 1248 cur·

231 1299 340 1370 runt,
364 1280 542 1376 gestantes
569 1279 783 1370 stramenta,
812 1297 853 1353 ut
878 1280 962 1354 inde
981 1275 1176 1374 presagire
1199 1269 1298 1369 posi·

231 1397 313 1454 mus
337 1378 510 1452 instantes
539 1379 791 1472 tempestates,

330 1513 580 1594 EXCRETA.
631 1514 673 1588 In
693 1536 863 1588 venerem
883 1513 1026 1609 segnes,
1050 1511 1173 1602 tardi,
1201 1523 1300 1584 tena-

233 1637 319 1702 ces,
349 1615 504 1706 laxoque
523 1635 628 1705 pene.
680 1615 829 1687 Femina
853 1611 1028 1700 soetifera,
1058 1614 1186 1706 plures
1211 1607 1297 1702 saepe

234 1713 332 1810 parit
363 1712 568 1804 porcellos,
606 1733 711 1802 quam
751 1711 820 1784 alia
853 1710 1077 1800 mammalia,
1117 1730 1233 1802 quern
1262 1706 1299 1780 iu

234 1806 345 1906 finem
368 1809 530 1903 pluribus
557 1809 665 1882 etiam
691 1809 838 1904 praedita
860 1807 911 1880 est
934 1808 1114 1882 mammis.

332 1941 607 2020 AFRECTUS.
658 1943 784 2016 Minus
800 1941 904 2014 ‘hisce
931 1957 1132 2019 moventur
1154 1941 1299 2034 neme,

236 2062 349 2138 quare
371 2041 455 2116 illos
478 2041 621 2116 silentio
644 2039 827 2136 preterire
854 2041 958 2114 volo.

705 2242 739 2331 i·
788 2239 839 2328 V,-

337 2374 524 2452 MORES.
574 2374 676 2450 Sicut
702 2380 774 2452 hoc
801 2379 932 2452 animal
960 2379 1175 2475 ungularem
1204 2379 1290 2474 erigit

239 2477 399 2574 vidium,
423 2477 469 2570 sic
486 2496 606 2548 mores
626 2497 770 2569 quoque
788 2479 897 2550 habet
913 2477 1117 2574 singulares.
1174 2476 1286 2550 Cibum

242 2577 397 2669 ‘maxima
422 2575 520 2668 capit
543 2574 992 2668 aviditate,·eundemque
1017 2575 1162 2670 optime
1190 2575 1289 2650 masti-

244 2689 325 2765 cat,
354 2671 484 2744 deinde
509 2670 652 2742 salivam
678 2673 806 2745 melius
838 2673 1041 2768 ingerendis
1077 2673 1296 2768 commiscet,

245 2769 344 2864 quod
363 2767 660 2860 pernecessarium
683 2768 733 2840 est
759 2771 850 2858 illis,
881 2771 940 2863 qui
967 2772 1061 2844 bene
1086 2773 1221 2845 nutriri
1242 2795 1299 2844 cu·

242 2867 363 2980 piunt.
423 2860 561 2939 Somno
593 2866 787 2956 tranquillo
813 2868 995 2962 stratoque
1018 2868 1097 2943 -leni
1126 2869 1162 2943 δε
1186 2871 1300 2942 calido

242 2959 452 3062 'deieciatut
515 2958 577 3033 Est
610 2983 754 3056 quoquc
790 2965 888 3038 lente
921 2966 1116 3057 festinans,
1148 2969 1300 3060 tardum,

245 3057 361 3158 passus
387 3055 480 3151 quasi
506 3075 714 3160 numeratos
740 3064 874 3152 currit,
906 3086 974 3137 nec
1002 3065 1108 3137 facile
1133 3078 1301 3158 terretur,

246 3153 463 3254 potiffimum
487 3156 609 3246 cicur3
632 3159 693 3230 fibi
722 3159 880 3233 invicem
904 3183 1049 3254 quoque
1074 3185 1186 3256 opem
1214 3163 1304 3236 ferre

246 3257 385 3349 semper
409 3269 609 3346 conantur,
636 3257 750 3342 adeo,
776 3272 818 3330 ut
834 3261 856 3332 sr
874 3283 984 3333 unum
1002 3260 1137 3334 hereat
1153 3261 1194 3334 in
1210 3260 1301 3354 sepe,

246 3353 407 3446 undiquc
436 3351 473 3424 in
505 3353 611 3452 anxie
645 3355 830 3428 clamantis
861 3359 1034 3431 auxilium
1060 3380 1213 3454 magnus
1241 3357 1302 3432 fiat

247 3450 423 3526 accursus.
474 3449 627 3523 Irritatis
658 3453 894 3544 periculosum
920 3455 969 3530 esi
989 3457 1137 3530 obviam
1161 3457 1299 3548 venire,

247 3549 412 3640 exempla
446 3549 541 3620 enim
581 3550 732 3641 piurima
766 3551 926 3642 exstant,
968 3553 1064 3647 quod
1100 3555 1140 3627 in
1179 3575 1298 3628 canem

247 3644 423 3744 quendam
453 3648 680 3737 exacerbati,
714 3649 850 3721 circuio
882 3652 980 3724 ilium
1011 3651 1294 3742 memmium&

244 3743 447 3836 mordendo
475 3744 749 3818 trucidaverint.
806 3748 951 3822 Pollent
979 3750 1115 3824 eximio
1152 3749 1291 3842 olfatu,

245 3843 348 3935 cujus
377 3865 448 3952 ope
477 3841 591 3920 escam
619 3841 653 3917 ἃ
681 3843 843 3940 radices,
879 3839 1094 3944 profundius
1122 3863 1220 3924 terra
1244 3849 1293 3920 ai>

1199 3945 1294 4022 scon·
