2630 4776
250 243 327 336 122?
458 293 459 296 π
546 245 742 323 CULINA
771 241 1011 322 MUTATA.
1131 309 1134 314 .

206 436 210 444 '
244 426 409 528 Africum
425 425 459 498 δι
474 423 593 501 Afiam
612 424 864 515 observemus,
889 425 1085 500 Africanos
1106 427 1263 502 etiamn
1289 464 1308 495 n

245 529 386 600 Glandes
414 549 434 596 o
460 525 593 628 Quercu
620 530 775 618 vulgari,
804 529 955 598 brevibus
977 529 1168 621 pedunculis
1205 530 1264 600 Βι
1305 570 1312 593 ι

243 626 353 719 bilior.
368 624 400 695 Ι.
424 639 462 718 p.
479 647 534 713 po.
559 621 620 696 seu
649 623 773 694 eadem
804 623 1003 714 varietate,
1031 645 1108 716 quae
1132 623 1183 696 ad
1211 625 1314 698 Hm

242 722 379 814 neberg
399 720 612 794 nostratium
631 720 670 793 in
690 719 963 815 Westrogothia
984 719 1131 812 crescit,
1155 720 1315 796 sumta

242 817 351 891 assare
368 831 474 910 atque
493 818 708 906 comedere,
732 817 865 910 quippe
883 841 974 909 quae,
997 832 1039 891 ut
1057 819 1183 891 caeteri
1202 821 1287 892 etia

241 915 376 991 fruitus
399 917 436 988 in
462 914 731 989 australioribus
750 916 869 1005 terris,
896 919 1012 989 multo
1037 914 1118 990 sunt
1141 919 1314 1010 majore

242 1014 277 1086 ἃ
292 1013 495 1103 dulciores,
520 1036 625 1106 quem
645 1015 683 1086 in
705 1013 849 1087 nostris.
903 1013 1094 1107 Postquam
1116 1037 1229 1087 vero
1250 1015 1301 1087 Ce

240 1133 321 1200 res,
347 1125 408 1184 aut
426 1111 516 1185 alius
535 1112 722 1204 quisquam
744 1111 957 1186 immortalis
975 1113 1244 1186 venerationis
1265 1127 1302 1186 at

243 1231 312 1380 ‹Hue
340 1210 547 1297 memoriae,
581 1209 609 1282 F
613 1205 876 1282 RUMENTA
901 1208 1108 1282 hominibus
1143 1209 1284 1284 detexi

240 1307 387 1403 gaudes
410 1307 574 1396 tandem,
601 1329 669 1380 ceu
700 1329 848 1398 amaroz,
873 1305 1141 1401 spernebantur.

689 1494 725 1581 s.
776 1485 843 1558 1v.

334 1601 523 1675 MALVA
550 1602 737 1674 veteribus
767 1601 864 1674 inter
892 1597 1203 1674 communissimos
1231 1623 1315 1674 era

238 1702 365 1790 cibos,
389 1699 469 1786 sed,
494 1721 573 1791 quae
601 1700 774 1790 jamnon
804 1699 955 1792 amplius
980 1699 1016 1770 in
1043 1697 1177 1770 nostris
1205 1722 1295 1774 com

237 1809 342 1892 paret
361 1796 498 1869 mensis.
543 1795 634 1886 Illis,
658 1797 745 1889 qui,
770 1819 790 1870 a
809 1796 964 1870 mollitia
981 1796 1125 1889 longius
1146 1799 1312 1888 remoti,

237 1893 444 1967 durioribus
454 1894 648 1965 utebantur
660 1893 765 1983 cibis,
775 1894 1064 1988 gra'vioresvero
1075 1892 1292 1968 sustineban

155 2051 158 2058 .
235 1993 402 2080 labores,
427 1990 658 2064 necessarium
677 1991 748 2064 suit
765 1991 944 2064 interdum
961 1989 1173 2064 alimentum
1187 1993 1312 2084 quod·

235 2090 316 2163 dam
339 2090 551 2180 emolliens,
578 2101 618 2161 ut
634 2089 756 2162 alvum
777 2089 962 2162 servarent
977 2101 1149 2180 apertam.
1190 2089 1310 2166 Unde

285 2193 435 2262 atriolis:

238 2189 291 2264 Μ
333 2287 580 2388 Exoneraturas
604 2302 747 2357 ventrem
768 2290 847 2358 mili
870 2288 984 2358 villico
1010 2283 1150 2356 Malous

332 2381 474 2454 Attulit.

234 2477 296 2553 Ad
311 2499 416 2571 quam
429 2489 548 2550 alitem
561 2476 715 2572 speciem
728 2477 873 2552 Folium
884 2477 955 2550 hoc
967 2477 1118 2567 Malvae,
1131 2476 1313 2558 sanstiffi·

232 2598 329 2650 mum
344 2576 571 2671 Pythagorae,
592 2575 718 2648 referri
741 2576 893 2664 debeat,
923 2597 1042 2648 meum
1061 2597 1136 2648 non
1161 2576 1222 2649 est
1245 2580 1312 2653 de-

232 2673 437 2750 terminare.
487 2672 634 2746 Etenim
650 2695 777 2747 omnes
799 2673 876 2748 fere
896 2675 1026 2764 plantae
1046 2671 1191 2745 ordinis
1205 2676 1312 2750 Mal·

231 2770 337 2845 vacei
368 2770 492 2842 eadem
524 2769 604 2842 sunt
632 2771 769 2843 virtute
800 2769 980 2862 praeditae3
1017 2769 1217 2864 probabile
1254 2773 1312 2848 est

230 2866 333 2943 fuisse
347 2867 481 2940 Alceam
493 2870 611 2962 roseam
625 2867 818 2944 secundum
831 2869 924 2963 Cosp.
937 2871 1197 2964 Boulinpinac.
1214 2894 1309 2963 215.

231 2989 310 3059 quae
326 2966 532 3060 quotannis
554 2966 591 3036 in
620 2964 752 3038 nostris
779 2965 905 3039 seritur
929 2965 1067 3054 hortis,
1101 2963 1160 3037 sed
1192 2971 1311 3061 cujus

228 3077 352 3138 tamen
378 3085 424 3136 ne
446 3062 575 3136 folium
601 3064 745 3155 quidem
774 3062 883 3136 hodie
912 3062 1118 3155 decerpitur
1146 3061 1190 3137 in
1217 3065 1312 3140 usus

231 3162 440 3236 culinarios.
507 3159 741 3233 SPlNACIA
767 3167 944 3246 oleraceo„
961 3161 1071 3233 herba
1101 3162 1311 3240 veteribus

229 3261 379 3356 ignota,
410 3258 528 3332 statim
550 3257 631 3352 post
656 3257 833 3330 redditam
854 3257 1013 3331 scientiis
1044 3259 1160 3330 lucem
1190 3258 1230 3332 cic
1252 3262 1311 3334 di·

227 3357 360 3450 spersas
381 3357 544 3429 barbarei
570 3357 685 3428 nubes
712 3355 748 3426 in
769 3354 900 3428 culinis
924 3367 996 3428 tam
1012 3356 1185 3446 frequens
1208 3358 1311 3449 fuir,

229 3477 335 3547 quam
351 3454 478 3525 Malva
496 3451 630 3526 ibidem
652 3451 812 3545 conspici
832 3452 989 3527 desierat.
1039 3452 1088 3523 Et
1107 3453 1310 3532 rationem

228 3552 372 3643 quidem
391 3550 486 3623 haud
506 3549 696 3624 difficulter
714 3549 942 3640 invenimus,
968 3571 1032 3622 cur
1047 3549 1185 3624 Malvae
1200 3552 1309 3627 folia

227 3647 404 3740 Spinaciae
440 3649 570 3720 cedere
604 3661 832 3742 cogerentur.
885 3649 974 3722 Haec
1008 3648 1103 3720 enim
1138 3651 1309 3728 mollior

226 3743 280 3817 est
298 3758 404 3840 atque
427 3748 538 3840 magis
558 3745 727 3839 insipida,
758 3745 792 3817 δι
814 3746 915 3819 tenui
938 3744 1081 3838 prorsus
1106 3759 1210 3818 caret
1240 3761 1311 3822 tos

226 3857 375 3936 meum,
415 3843 514 3937 quod
550 3843 588 3915 in
616 3843 745 3915 Malva
779 3842 914 3920 sensum
943 3862 1021 3916 non
1058 3841 1308 3938 gratiffimum

227 3941 358 4042 lingue
381 3941 614 4023 conciliabat.
664 3939 759 4018 Satis
784 3941 1073 4038 perquisiverunt
1099 3941 1306 4114 Botanirctli,

1192 4061 1249 4118 un
1280 4063 1307 4114 Θ
