2630 4776
233 177 331 303 213⁶
490 203 1066 286 serantinaumetuin

136 467 140 476 Δ
259 387 421 461 excitant
434 387 547 475 malm
575 386 666 460 adeo
685 400 750 477 ·ut,
775 388 862 462 licet
877 411 1019 464 vermes
1034 411 1111 468 non
1125 393 1193 468 bnt
1206 403 1286 474 morl

252 486 347 574 -bus,
376 485 528 577 plurium
559 500 677 558 tamen
704 488 912 561 morborum
944 487 1091 564 caullam
1112 490 1183 564 elle
1204 509 1286 568 entra

260 604 405 654 omnem
428 582 664 656 dubitationis
687 584 798 658 aleam
824 587 895 678 jam
918 585 1049 660 dudum
1072 589 1222 680 positum
1247 591 1265 663 s

259 680 421 754 Homine
449 681 596 771 jejuno,
624 681 661 752 &-
685 679 946 774 consequenter
976 685 1149 757 alimento
1177 601 1287 762 Vemai]

133 798 142 820 ¹
258 777 326 849 bus
363 775 575 868 deficiente,
613 778 689 850 dira
720 781 825 873 plane
862 781 1020 854 efficiunt
1054 782 1287 877 symptomata,

260 896 338 966 quae
367 875 513 948 mitiora
540 875 700 948 evadunt
730 878 811 970 post
840 876 989 952 sumtum
1021 881 1153 952 cibum.
1221 881 1287 954 Hoc

259 972 367 1044 etiarn
395 972 510 1046 ansam
543 975 696 1067 praebuit
723 975 879 1048 Medicis
907 999 948 1048 ea
971 976 1046 1069 ipsa
1069 979 1161 1050 bora
1186 976 1288 1070 propi}

258 1071 368 1142 nandi
391 1071 722 1165 Anthelminthica,
761 1097 829 1166 qua
848 1097 986 1148 novrrm
1002 1075 1121 1148 eibum
1144 1077 1284 1168 accipere

150 1219 156 1228 ·
253 1171 526 1251 'consueverunt
552 1191 714 1261 vermes,
750 1170 904 1244 &simul
930 1173 1170 1246 interdicendi
1197 1179 1288 1266 aegrol

253 1270 418 1349 tentibus
451 1291 513 1360 per
542 1269 666 1340 horam
697 1268 803 1358 cibo,
839 1291 912 1360 quo
938 1292 1100 1364 vermes,
1137 1265 1288 1362 quidquid

251 1372 341 1466 'ipfis
371 1365 566 1438 obvenerit
593 1359 769 1438 decorare
803 1366 940 1454 coast,
976 1371 1019 1439 ab
1044 1389 1093 1439 eo
1119 1381 1289 1461 necentur,

252 1469 308 1544 -Et
324 1488 406 1538 ctnn
422 1463 539 1535 dulcia
557 1484 598 1534 ac
618 1462 795 1536 lablicinia
810 1464 846 1536 in
864 1465 1002 1536 deliciis
1018 1465 1150 1537 babere
1163 1463 1289 1536 credar-l

257 1581 318 1639 tur
340 1582 501 1648 vermes,
529 1560 823 1634 anthelminthica
840 1584 920 1635 cum
946 1563 1110 1634 dulcibus
1130 1563 1188 1634 vel
1210 1557 1289 1632 tauta

259 1661 366 1735 ciniis
391 1660 460 1731 rite
485 1658 648 1730 maritata
674 1658 807 1731 offerre
829 1658 950 1734 inrisu
968 1659 1059 1752 luit,
1090 1673 1133 1732 ut
1153 1659 1210 1732 vel
1227 1657 1283 1729 bot

259 1759 373 1833 modo
396 1777 578 1828 venenum
604 1755 684 1848 ipsis
708 1755 901 1850 ingeratur.

434 1933 498 2007 111.
548 1891 1135 2010 aurirutiaiutaicn

356 2055 446 2129 Cum
468 2057 540 2148 jam
559 2055 596 2127 hi
625 2055 748 2148 saepius
775 2056 952 2129 nominati
971 2077 1118 2130 vermes
1141 2056 1183 2130 ab
1203 2049 1278 2125 onai

257 2177 342 2232 aevo
363 2167 422 2226 tot
443 2155 653 2226 morborum
675 2155 796 2225 turbas
815 2151 1023 2246 incorpore
1040 2155 1196 2227 humano
1214 2169 1280 2222 con·

260 2253 441 2343 civerim,
466 2251 603 2343 semper
627 2251 768 2322 solliciti
793 2251 940 2323 fuerunt
960 2251 1096 2323 Medici
1119 2251 1163 2324 de
1182 2250 1280 2321 valen·

259 2351 408 2438 tillimis,
438 2350 481 2420 ad
499 2349 566 2420 hos
579 2347 837 2440 profligandos,
855 2349 1103 2442 excogitandis
1124 2344 1279 2422 remediis.

259 2449 360 2520 Hinc
394 2444 506 2518 nostri
534 2444 708 2536 temporis
734 2443 891 2517 Materia
920 2446 1088 2535 Medica,
1124 2443 1282 2518 alliduisa

259 2543 487 2640 perplurimis
519 2542 689 2615 institutis
721 2543 997 2634 experimentis,
1026 2545 1118 2616 adeo
1151 2537 1282 2614 abundat

254 2659 676 2727 auruntuiurrrrcrs,
708 2651 749 2713 ut
779 2640 842 2712 uix
868 2643 939 2712 ulla
965 2641 1191 2734 deturpas,
1220 2653 1280 2725 qua

259 2739 389 2829 majori
404 2737 569 2810 instrutla
583 2738 623 2809 sit
639 2737 757 2829 copia.
790 2736 919 2809 Nihilo
935 2751 1053 2810 tamen
1066 2739 1193 2824 minus,
1212 2749 1282 2823 quo

259 2835 417 2924 tidiana,
441 2835 532 2926 proli
558 2834 683 2906 dolor!
707 2833 858 2906 testante
877 2835 1122 2928 experientia,
1144 2830 1281 2906 omniun

259 2933 389 3007 horum
409 2932 649 3004 remediorum
665 2932 744 3004 risus
758 2931 993 3024 perniciosam
1014 2935 1108 3006 banc
1129 2927 1282 3004 vermiun

259 3030 471 3126 progeniem
484 3051 560 3102 non
578 3028 719 3122 prorsus
742 3029 1073 3121 exstirparevatuit.
1124 3025 1281 3116 Praeeipur

258 3130 387 3202 horum
416 3127 678 3215 remediorum,
706 3149 783 3218 quae
805 3127 892 3199 mihi
914 3126 1033 3200 saltem
1053 3129 1280 3206 innotuerunt,

259 3225 466 3316 recensere,
491 3248 510 3296 a
532 3224 643 3318 scopo
666 3246 742 3296 non
769 3223 924 3297 alienum
949 3226 1028 3298 fore
1053 3219 1259 3299 crediderim.

353 3365 446 3440 Izmo
471 3364 680 3454 AMARA,
704 3363 872 3437 intestina
899 3365 1193 3455 corroborando,
1220 3375 1280 3432 non

399 3485 491 3536 vero
514 3463 678 3538 necando
707 3463 891 3535 Barbarae.

257 3583 421 3656 Santonici
437 3582 589 3670 semina,
616 3584 727 3678 vulgo
744 3581 875 3654 semina
892 3593 1019 3654 contra
1039 3603 1177 3656 vermes
1191 3569 1277 3656 dida,

352 3701 372 3752 a
391 3681 512 3754 multis
531 3696 630 3753 retro
654 3679 877 3772 temporibus
903 3680 1070 3752 celebria.

253 3794 435 3892 Artemifiae
460 3801 636 3871 Santonica
663 3795 817 3887 semina,
848 3797 1018 3889 aquibus
1045 3815 1169 3892 patum
1193 3779 1276 3864 diffe

345 3907 432 3970 runt
461 3897 632 3971 Santoline
659 3893 804 3970 semina.
873 3935 882 3952 ·
1191 3985 1274 4065 W
