2630 4776
70 233 461 336 mausnmra'rto
488 233 912 316 FRUMENTORUM.
945 261 1013 318 111

19 421 184 512 bubalus,
214 419 315 514 quod
333 439 410 494 non
432 417 581 494 credant
594 419 657 492 vel
682 415 875 514 agnoscere
899 418 1018 494 velint

24 541 110 592 eorm
124 517 266 609 efferta,
298 517 394 613 quali
419 517 481 610 qui
504 517 625 612 primo
650 517 849 590 tentamine
873 515 1016 594 felicior

30 615 153 689 narsem
169 629 308 690 nature
330 615 522 690 interiores
539 611 706 704 recessus,
730 635 833 707 quarn
853 613 928 706 illl,
954 615 1016 708 qul

26 729 159 804 prtoom
172 713 290 788 vitam
309 715 347 786 in
368 711 484 786 Flore
507 711 730 806 amplexibus
751 711 935 786 haescrunt
978 709 1016 786 si

23 809 115 882 tacita
134 811 263 902 essent,
287 811 370 906 ipfis
391 809 464 882 buc
489 811 756 906 gratularemur.
805 809 883 905 Jam
908 831 1015 902 vero,

20 907 239 1002 uepcrspicue
256 907 505 1002 intelligimus,
528 905 677 982 asserere
696 905 875 982 audemus.
907 905 1016 982 Prisci

17 1005 137 1094 pluinas
156 1008 300 1099 plantas
325 1021 346 1078 e
371 1003 587 1096 seminibus,
618 1003 657 1080 in
684 1005 800 1100 prima
829 1007 1016 1080 creatione
1110 1084 1113 1098 ,

17 1115 86 1172 terra
106 1103 225 1194 inuris,
258 1103 413 1199 produci
442 1101 714 1194 existimavere,
743 1103 827 1179 dum
851 1104 1017 1180 observa·

17 1197 202 1285 lantplantas
223 1201 346 1276 varim
365 1213 519 1274 exterra
536 1199 660 1274 effossa
677 1201 771 1278 mox'
787 1201 1014 1296 repullulare.

17 1293 184 1372 lliilineta
208 1297 355 1373 incensa
381 1299 416 1372 te
441 1297 564 1372 exusta
591 1299 743 1374 flammis
766 1299 804 1372 in
834 1301 1018 1402 Querceta

17 1395 116 1484 nutat
135 1409 171 1468 ot
192 1395 340 1471 Borsrus
365 1397 460 1491 apud
481 1394 659 1472 Camerar.
683 1403 766 1472 bart.
788 1403 868 1474 126.
895 1397 1017 1490 prodi·

23 1487 82 1558 lere.
117 1491 184 1564 Alii
207 1495 335 1588 pineta
350 1493 474 1570 nostra
487 1493 684 1570 combusta
706 1495 741 1568 ἀ
765 1495 861 1568 libro
881 1495 1017 1568 betula

22 1587 301 1680 recumbemus
321 1607 462 1668 tantum
488 1593 713 1687 producere,
739 1607 781 1666 ut
799 1594 928 1688 vulgus
950 1613 1017 1666 no·

20 1681 90 1756 ibim
102 1685 252 1764 lamere.
293 1689 369 1764 Alii
387 1703 552 1766 veterum
565 1691 707 1786 plantas
723 1691 908 1787 plurimas,
928 1713 1017 1788 pro-
1041 1764 1046 1783 ,

18 1777 98 1854 subn
115 1785 259 1861 viliores
289 1787 370 1882 ipsis
395 1789 557 1880 habitas,
582 1803 624 1862 ut
649 1787 786 1886 Fungi,
817 1789 956 1880 Musei,
982 1790 1018 1866 bt

20 1873 110 1986 liuba
125 1883 375 1977 minutissime,
402 1885 513 1960 immo
535 1886 643 1960 etiarn
665 1887 878 1962 animalcula
900 1889 1016 1963 minu·

20 1973 113 2086 tillut,
130 2003 185 2074 per
199 1983 478 2078 generationem
502 1984 742 2079 equivocam,
769 1984 842 2058 srve
864 2005 928 2080 per
951 2007 1018 2080 pu·

20 2073 163 2168 tedam,
196 2079 519 2155 fermentationem
549 2081 583 2152 δι
608 2079 731 2156 nescio
761 2101 865 2176 quam
894 2084 1017 2157 occul-

21 2177 278 2264 auqnlmtem,
299 2178 361 2252 sirb
376 2177 519 2252 miscela
540 2181 641 2250 varia
664 2191 837 2250 terrarum
854 2179 1019 2271 generari

24 2263 197 2376 spatialem,
225 2276 406 2370 quianon
423 2275 659 2350 attendebant
675 2275 718 2348 ad
734 2275 828 2366 viat,
852 2295 917 2369 per
931 2295 1019 2368 quar

20 2359 270 2448 sennaarnatre
293 2375 453 2468 undique
479 2375 550 2448 late
574 2371 854 2448 disseminantur.
904 2373 1018 2448 Vide·

20 2457 159 2576 lautenin
171 2493 311 2568 agrum,
326 2471 506 2566 puriffimo
521 2471 705 2546 frumento
719 2471 845 2562 samm,
862 2472 1019 2546 luxuria·

18 2577 43 2626 rt
56 2555 149 2654 sapius
176 2569 292 2644 sterili
319 2571 451 2660 herba,
484 2567 677 2664 presertim
706 2569 730 2644 fi
756 2567 884 2644 'recens
907 2569 1023 2646 suerit

18 2649 188 2766 locontur.
248 2667 438 2742 Videbant
468 2687 617 2762 campos
656 2666 841 2763 Juniperis
877 2669 1020 2768 obtegi,

18 2751 58 2821 ibt
73 2757 147 2834 nula
160 2763 347 2858 juniperus
363 2777 493 2858 antea,
516 2787 585 2840 nec
600 2781 804 2858 noverant,
831 2767 1021 2859 quomodo

19 2853 171 2938 loadaosae
187 2861 347 2957 juniperi
369 2863 490 2937 bacca
514 2863 742 2940 deferrentur
755 2887 780 2940 a
795 2863 929 2952 frutice
946 2885 1021 2940 ma·

19 2949 84 3026 teu
97 2955 169 3034 loca
182 2959 425 3038 remotiffima.
464 2959 661 3060 Negabant
681 2963 820 3060 ltaque,
845 2962 1021 3058 quoniam

19 3063 61 3122 un
79 3051 249 3135 vilebmc

413 3205 447 3296 ς.
498 3197 561 3274 rx.

72 3331 215 3416 Dtuavit
234 3343 314 3420 hac
334 3344 446 3440 gratis
468 3339 619 3422 affumta
638 3339 848 3440 hypothesis
873 3337 917 3412 ad
934 3349 1023 3412 tenr-

20 3443 55 3498 ’ω
68 3431 210 3531 Horret,
237 3441 300 3536 qui
323 3439 425 3516 ausus
447 3439 570 3520 suerat
591 3442 740 3518 asserere
763 3458 872 3514 omne
893 3436 1025 3510 vivum

20 3533 128 3630 sumti
146 3557 191 3612 ex
219 3559 321 3632 ovo,
346 3537 407 3614 scu
433 3559 594 3618 amatre
618 3541 720 3616 srmili
742 3534 931 3636 pronasci,
954 3555 1025 3609 nec

20 3617 89 3698 laer,
216 3635 483 3716 csententiarn
515 3657 728 3736 quamquam
760 3633 904 3730 plurimi
934 3645 1026 3706 tunc

20 3727 139 3814 tnpoei,
259 3735 298 3808 'ti
317 3733 476 3812 omnino
500 3737 717 3836 respuebant
740 3733 866 3808 &hac
887 3728 961 3826 ipsa
984 3729 1025 3804 in

21 3829 75 3890 ’ΠΜ
89 3845 193 3936 qaum
212 3831 313 3908 dieto
334 3827 379 3908 ab
407 3835 566 3912 indottis
585 3835 672 3912 &in
687 3845 824 3908 naturae
840 3825 1024 3922 mysteriia

21 3923 165 4014 *limi*
182 3943 356 4028 usitat,
382 3934 580 4014 centffino
605 3927 876 4010 uuenmomr
897 3921 1025 4092 ἡιυιῑὶι·

209 4067 232 4088 ··
882 4035 1021 4098 meno.
