2604 4786
1169 4 1190 73 l

270 207 343 300 256
486 199 686 292 senium
719 197 1098 280 sxtonouaunt
1143 291 1149 304 ,

268 381 436 458 summam
454 383 529 477 rapi
548 383 838 474 admirationem,
862 386 1070 478 cultumque
1083 379 1288 478 benignishni

270 482 476 571 creatoris,
503 483 563 573 qui
587 497 657 555 tam
676 481 850 574 stupenda
867 497 965 574 arte,
989 483 1157 576 tantaque
1181 480 1288 574 sapien·

266 583 320 654 tia
341 582 485 674 paravit
506 581 648 673 omnia,
673 592 715 651 ut
728 581 934 653 mortalium
956 603 1086 670 nem0,
1113 579 1212 653 ctiam
1229 579 1289 652 sana

266 681 410 752 ratione
425 677 520 751 nesle
534 695 663 766 utens,
690 695 732 750 ea
753 691 875 750 mente
892 679 1015 751 exaste
1030 679 1111 750 satis
1128 677 1288 768 concipere

267 779 399 850 valcat.
441 775 627 847 Concordi
648 775 845 868 sapientum
863 774 1033 868 suffragio
1043 776 1079 848 Τ
1082 776 1285 868 hcologorun

267 890 375 966 atque
395 873 718 966 Philosophorum,
754 872 838 946 finis
868 875 1067 965 creationis
1095 872 1231 946 ultimus
1252 871 1283 944 est

266 971 382 1066 gloria
408 971 509 1042 DEI.
572 970 607 1041 Si
634 972 730 1044 eninr
758 971 877 1042 nullus
903 973 993 1044 alius
1020 969 1184 1064 proelixus
1209 971 1282 1040 suerit

267 1070 445 1142 creationi
474 1065 580 1156 finis,
611 1090 715 1159 quam
736 1081 778 1140 ut
798 1083 939 1161 tempus
963 1069 999 1141 in
1026 1071 1100 1142 hoc
1121 1069 1223 1162 globo
1241 1067 1281 1138 sal·

264 1169 358 1239 leret
380 1168 513 1254 hom03
542 1181 632 1238 tunc
657 1165 736 1239 sane
758 1188 834 1238 non
859 1166 1046 1257 videmus,
1081 1165 1142 1260 qui
1157 1163 1278 1260 splendor

265 1265 422 1338 universi
444 1266 478 1337 dt
498 1263 713 1336 excellentia
739 1277 870 1356 utpote
894 1264 1001 1336 ullius
1025 1261 1129 1354 usus,
1155 1281 1268 1354 umqum

266 1361 471 1460 exstitissetj
499 1383 608 1454 quum
623 1360 891 1455 sapientissimus
902 1383 1020 1434 rerum
1030 1361 1209 1434 Conditor
1220 1357 1269 1430 nb'l

264 1461 375 1534 faciat
391 1459 529 1533 srultra.
563 1459 640 1554 Jam
657 1481 763 1547 vcro,
789 1455 977 1553 postquam
991 1461 1150 1554 contigit
1165 1455 1273 1542 homini,

265 1559 358 1652 quasi
379 1559 610 1630 obambulare
626 1557 663 1630 in
677 1557 798 1652 medio
810 1577 960 1650 opernm
975 1556 1202 1643 divinorum,
1221 1573 1277 1644 quo·

264 1679 342 1729 rum
354 1657 556 1746 quodlibet,
573 1657 682 1746 pleno
699 1655 813 1726 veluti
832 1677 911 1745 ore,
936 1654 1060 1728 summi
1073 1651 1277 1747 opificisgb·

262 1755 352 1826 riam
371 1749 633 1845 &sapientiam
658 1751 848 1846 praedicat,
882 1752 1072 1848 postquam
1101 1753 1152 1840 is,
1183 1749 1295 1844 pariter

262 1851 359 1922 inter
378 1849 567 1938 animalia,
594 1850 747 1924 sensibus
764 1849 852 1922 licet
872 1849 1031 1924 externis
1050 1849 1228 1944 pollentia,
1245 1841 1295 1915 snj

154 1971 157 1978 ’
261 1947 317 2020 lus
335 1961 454 2020 tamen
471 1945 615 2020 ratione
635 1947 814 2042 gaudens,
838 1969 982 2041 praeque
1006 1948 1140 2021 ceteris
1159 1939 1295 2019 animali]

262 2047 330 2118 bus
353 2067 373 2117 a
392 2045 500 2117 DEO
527 2047 678 2135 creatis,
705 2044 990 2138 prestantissimis
1015 2046 1150 2123 animan
1170 2041 1295 2116 dotibus¹

262 2158 412 2217 ornatus
431 2143 501 2216 est:
528 2165 647 2236 prono
665 2144 892 2232 naitonum,
920 2144 971 2214 illi
993 2145 1103 2216 unice
1121 2138 1280 2234 injnnslnn

262 2241 353 2332 esse,
380 2256 420 2313 ut
438 2240 533 2313 sunm
549 2242 581 2312 δι
598 2241 759 2313 omnium
774 2242 995 2332 reliquorum
1010 2243 1171 2314 celebret
1179 2233 1279 2310 Austo-
1294 2291 1295 2338 ,

260 2360 358 2426 rcm3
385 2337 469 2412 dum
487 2353 607 2411 cetera
627 2338 842 2427 animantia,
867 2339 1024 2412 sibinen
1044 2337 1197 2426 conseia,
1219 2347 1295 2404 tans

261 2457 367 2534 quam
399 2436 633 2510 instrumenta
662 2436 766 2524 hujus
794 2431 1001 2528 Systcmatis
1030 2436 1066 2508 δι
1095 2435 1221 2522 media,
1251 2423 1280 2498 ad

259 2537 371 2612 linem
406 2533 650 2620 concurru'nt3
686 2533 796 2622 illud,
828 2535 926 2627 quod
959 2533 1008 2606 sui
1040 2533 1093 2606 est
1126 2529 1240 2614 officii,
1263 2523 1279 2596 s

259 2633 461 2727 neglexerit
482 2633 661 2723 floccique
685 2631 840 2722 pendeat
854 2634 987 2720 hom0,
1013 2627 1098 2706 finis
1119 2626 1278 2702 creatione

259 2729 355 2805 haud
378 2729 626 2816 obtinebitur,
652 2728 888 2824 &indignum
909 2727 942 2802 se
968 2729 1086 2801 reddit
1112 2715 1279 2821 sparteas

262 2849 364 2920 quam
383 2827 581 2898 ornandam
602 2848 620 2897 a
637 2825 744 2898 ΠΕΟ
768 2827 879 2899 bisin
901 2828 1005 2899 terris
1029 2824 1079 2898 cst
1099 2826 1277 2898 collocatus.

261 2924 435 2996 Omnium
458 2922 579 3014 itaque
599 2925 717 3017 prlmo
747 2925 907 3004 inculcat
931 2925 1011 2997 Rex
1041 2921 1205 3004 Salomo,
1235 2917 1277 2987 ho·

258 3022 394 3094 minem
427 3020 465 3092 in
491 3020 587 3093 hunc
618 3021 789 3094 mundum
819 3021 1084 3108 introdustum,
1118 3039 1231 3093 omnes
1252 3013 1277 3082 iu

259 3121 296 3192 id
316 3115 538 3193 intensurum
563 3141 721 3211 nervos,
748 3133 788 3192 ut
813 3143 858 3192 ex
885 3119 961 3213 ipso
979 3119 1172 3194 creationis
1196 3129 1277 3207 opere

260 3219 471 3291 Creatorem
490 3216 707 3311 cognoscat,
735 3218 959 3310 eundemque
982 3219 1103 3290 debita
1124 3215 1276 3308 prosequa-

258 3331 317 3388 tur
334 3315 600 3406 veneratione,
630 3317 682 3387 ne'
700 3314 737 3388 in
761 3315 886 3388 Domo
911 3311 1292 3409 splendidissimarum

258 3426 316 3484 tus
342 3405 528 3500 censeatur
554 3411 695 3504 hospes.
872 3435 877 3445 ·
1291 3417 1292 3462 i

462 3610 494 3661 2.
527 3587 657 3664 oreris
685 3583 1012 3686 Jurreuau‘ns
1036 3607 1109 3666 nra
1190 3536 1193 3545 ⁵
1291 3603 1292 3655 r

356 3701 467 3794 Haec,
494 3698 663 3777 suadente
693 3707 909 3796 Salomone,
935 3709 971 3782 in
997 3705 1088 3781 flore
1110 3699 1214 3780 aetads
1234 3689 1277 3768 fiet

259 3799 511 3874 consideratio
563 3801 711 3895 Duplex
737 3807 831 3894 enim
852 3807 993 3880 homini
1018 3819 1103 3880 aetas
1129 3801 1193 3890 est,
1215 3795 1291 3866 alu-r

257 3920 320 3989 ra,
347 3920 415 3992 qua
443 3897 634 3990 accrescit,
669 3903 862 3998 juventus,
898 3907 1032 3998 altera,
1059 3927 1128 4000 qua
1150 3891 1276 4068 senefflgs

1206 4009 1291 4087 eci-p
