2630 4776
264 261 462 356 CULINA
492 265 735 352 Monam:
956 297 1026 372 129

38 455 278 550 objecisollio,
303 457 546 556 Atinensium,
573 457 633 549 qui
656 454 754 528 tibiis
778 451 813 528 u
838 453 1025 528 coronatis

42 555 161 630 miniſtris
184 555 397 630 inserebatur
422 557 458 626 in
480 555 699 638 triclinium,
727 555 864 628 Sacrum
887 551 1024 624 ultimis

48 652 136 724 aiacis
153 651 344 738 attras’cumt
371 655 518 726 Missum
537 649 838 744 pretiosissimum,
864 669 937 742 quo
963 669 1024 722 ex·

46 747 239 840 spimtenihil
267 749 477 837 formosiusa
509 750 720 842 Anguilinn,
737 767 925 821 -coenarum
950 745 1025 818 He·

40 849 133 930 sensnm
152 847 323 934 Annum·
352 845 477 946 Julian,
501 847 664 936 aliosque
681 843 815 938 pisces,
840 843 936 938 apud
953 863 1025 918 nos

36 942 186 1034 partimin
205 945 394 1018 amiscmnt
412 943 548 1036 pretia,
575 942 703 1036 partim
725 941 904 1016 difficilius
924 963 1025 1016 com·

32 1056 168 1130 parantur.
224 1041 305 1116 Nos
333 1033 459 1115 eorum'
495 1041 582 1114 loco
616 1044 792 1137 cyprinum
822 1037 1024 1114 CARPIO·

32 1133 114 1208 NEM
139 1139 171 1210 in
197 1139 334 1214 deliciis
365 1138 556 1232 ponimus,
592 1159 661 1212 nec
691 1133 1027 1212 vero-PERCAM

25 1237 192 1336 fiucinsiem,
223 1259 324 1312 more
356 1236 575 1310 Hoiiandico
608 1249 862 1330 praeparatam,
897 1236 1022 1310 vivam

32 1329 101 1419 ine,
117 1354 200 1424 aqua
220 1333 375 1410 ferventi
397 1333 517 1408 &sale
540 1333 695 1407 condita
713 1355 795 1406 cum
811 1331 1023 1408 Petrosclini

33 1427 163 1504 raduinus
188 1431 222 1504 u
246 1431 346 1506 soliis
381 1429 591 1522 immissam,
633 1429 860 1526 postmodum
891 1431 1022 1524 patiam

40 1545 92 1596 cun
111 1525 209 1602 calido
234 1529 295 1604 suo
319 1528 458 1622 jusculo
487 1521 642 1626 (Sauce)
676 1529 899 1622 impositam,
940 1548 1025 1602 cum

36 1623 185 1710 panedulci
208 1625 239 1700 dt
262 1628 501 1716 sermentato,
528 1625 666 1720 adjedto
690 1627 786 1724 large
807 1625 948 1720 Butyto
967 1645 1021 1700 re·

34 1720 115 1812 enti,
136 1723 406 1816 comedendam,
430 1721 668 1820 aspernamus.

94 1993 254 2069 OLEUM
267 1995 361 2088 apud
377 2007 521 2068 veteres
541 1997 721 2093 frequenti
739 2001 928 2078 admodum
943 2019 1020 2080 erat

32 2087 127 2182 nasu,
143 2095 200 2188 qui
214 2094 329 2166 adhuc
350 2093 393 2168 ab
410 2091 881 2188 Europaeis‘australioribus
903 2107 1018 2176 conti-

33 2201 129 2260 nuatur.
167 2191 248 2266 Nos
267 2191 354 2264 iilud
371 2213 477 2286 parce
493 2193 644 2265 omnino
659 2193 913 2286 consumimus,
938 2221 1019 2274 cum

36 2281 94 2355 loco
113 2289 164 2362 olei
190 2289 405 2384 vegetabilis
427 2289 471 2360 ab
502 2289 600 2362 oliva
633 2289 800 2384 expiem,
830 2293 915 2364 oleo
944 2309 1019 2368 nta-

34 2385 168 2462 nuriadis
194 2387 376 2476 ebobus,
405 2387 464 2460 seu
487 2385 719 2478 BUTYRO,
745 2389 842 2483 quod
861 2393 1018 2486 antiquis

32 2477 91 2550 adeo
107 2483 317 2582 incognitum
348 2485 438 2576 suit,
473 2505 517 2560 ac
545 2485 652 2558 nobis
676 2487 748 2578 J’am
773 2486 825 2561 est
852 2489 1018 2586 [requen-

29 2573 148 2652 usinum

413 2685 449 2774 ς.
497 2679 574 2752 ΧΧ.

87 2793 195 2890 MEL,
231 2821 306 2894 quo
337 2813 479 2874 veteres
514 2801 589 2874 suas
616 2799 863 2878 educorabant
893 2803 1017 2901 dapes,

32 2891 145 2986 quodque
174 2897 217 2970 ad
250 2897 421 2992 potiones
453 2911 569 2992 gratas
601 2897 844 2974 conficiendas
873 2901 1017 2980 adhibe·

29 2981 95 3078 ient,
118 2995 204 3068 unde
227 2995 336 3067 Meda
355 2997 528 3086 majorum
554 2996 757 3070 nostrorum
782 3011 858 3070 erat
880 3021 1016 3094 praepa·

25 3099 88 3188 aaa,
106 3089 388 3182 SACCHARO,
413 3092 493 3186 post
512 3093 612 3166 aucta
626 3117 707 3166 cum
723 3093 818 3168 indis
836 3117 1016 3190 ‚commer-

22 3195 73 3290 tn,
93 3185 134 3258 ita
152 3189 331 3262 exclusum
354 3189 425 3280 est,
449 3203 490 3268 ut
509 3193 621 3269 ‚melle
646 3203 715 3282 tam
739 3213 846 3282 parce
871 3205 1017 3270 utantur

20 3279 109 3352 culina
125 3285 272 3380 nostra,
295 3309 400 3382 quam
425 3287 602 3360 Succharo
626 3287 820 3362 luxuriant.

405 3451 438 3538 c
487 3444 582 3520 xxi.

81 3557 263 3654 MULSA,
290 3562 499 3640 consuetum
520 3587 633 3662 genus
651 3565 816 3658 potionis
837 3567 931 3660 apud
952 3591 1027 3658 ve„

21 3655 100 3744 tues,
130 3663 270 3754 prorsus
303 3661 400 3736 cessit
429 3664 543 3752 vino,
584 3663 769 3756 postquam
800 3679 1015 3762 mercatura,

22 3741 113 3826 VINA
130 3763 371 3852 cujuscunque
394 3761 533 3856 genesis
547 3759 751 3852 asportans,
773 3765 906 3858 maison
923 3767 1016 3837 anti·

22 3857 312 3930 summasunmna
334 3857 384 3928 ita
403 3859 679 3948 exterminavit,
704 3873 746 3932 ut
769 3861 874 3954 pauci
894 3863 1015 3936 admo·

20 3935 74 4016 stu
91 3971 199 4028 cnam
210 3947 590 4030 Mauaeconfietmtae
610 3955 790 4034 rationem
807 3969 967 4032 teneant.

67 4045 139 4122 Tm
155 4053 194 4126 V.
558 4049 578 4124 1
844 4059 879 4148 s
901 4053 1017 4128 XXII.
