2768 4768
272 274 293 330 a
341 243 488 348 naurs
521 263 857 376 ntnrnncus.
986 207 987 212 Ὺ
1079 213 1135 348 σι’

64 453 121 526 'ut
144 447 329 526 nonnullis
351 451 549 547 pistoribus
570 471 651 526 mos
675 448 747 542 est,
775 451 858 540 vel,
887 445 985 544 qu'od
1012 446 1129 522 multo

71 549 132 622 est
148 546 298 642 melius,
327 547 571 624 instrumentis
593 549 637 622 ad
659 547 732 621 hoc
755 546 867 621 fadis.
903 545 1022 620 'Facit
1038 567 1130 622 vero

72 643 257 736 merulo,
283 661 325 720 ut
344 647 528 741 particule
542 645 665 720 farinae
678 643 814 718 arsiius
830 641 1130 720 commisceantur

65 743 101 815 dr
122 743 233 836 panis
254 745 466 838 aequabilem
490 745 657 820 obtineat
676 742 963 833 consistentiam,
986 739 1128 815 futurus

60 841 238 934 alioquin
262 841 402 932 aridus,
431 843 533 914 laxus
551 841 697 914 &inter
718 840 845 914 dentes
867 839 1031 914 friabilis.
1074 861 1085 896 -·

166 936 320 1032 Excipit
340 939 434 1012 hanc
459 939 596 1033 Pistum
619 939 657 1012 in
682 935 813 1012 mensa.
865 937 971 1012 Panis
993 936 1033 1010 in
1056 935 1129 1009 hoc

58 1033 285 1126 destinatus,
315 1049 357 1109 ut
371 1037 492 1109 mollis
506 1035 730 1126 comedatur,
750 1035 788 1108 in
805 1033 987 1110 crassiores
998 1033 1127 1107 similas

59 1134 128 1206 vel
144 1133 337 1226 placentas
359 1134 555 1224 formetur,
583 1145 645 1206 aut
664 1133 691 1208 fi
708 1132 831 1206 acidus
848 1133 979 1223 fuerit,
1005 1131 1042 1204 in
1054 1153 1128 1204 nra·

56 1251 136 1327 gna
149 1231 342 1304 volumina
360 1233 542 1322 convexa,
561 1229 846 1304 &fermentetur
860 1229 958 1326 pasta
972 1229 1127 1303 fermen-

59 1340 166 1420 tata,
195 1327 231 1399 dc
249 1329 293 1402 ad
316 1350 462 1402 acorem
484 1351 566 1402 cum
588 1327 657 1404 fale
679 1327 840 1420 servata,
868 1342 911 1404 ut
935 1328 972 1402 in
998 1327 1128 1400 Scania

61 1425 120 1498 est
135 1424 318 1498 ufitatum.
369 1426 479 1520 Apud
495 1447 565 1500 nos
580 1424 715 1527 ubique
729 1425 806 1498 fere
822 1424 1035 1520 usurpantur
1053 1426 1127 1519 pla·

64 1535 186 1597 ceotae
207 1517 431 1616 (mebris),
457 1545 534 1618 qua:
552 1523 590 1598 in
611 1522 871 1596 crallitudinem
894 1523 1002 1596 unius
1020 1521 1128 1616 polli-

63 1621 119 1694 cis
138 1641 224 1694 cum
244 1619 397 1694 dimidio
416 1620 611 1712 confesiae,
638 1621 671 1693 δι
691 1617 773 1716 post
794 1620 1000 1696 coitionem
1020 1619 1129 1693 erfic-

62 1731 187 1808 catae‚
221 1719 260 1792 in
292 1731 410 1791 totum
442 1719 629 1794 servantur
661 1737 805 1794 annum.
874 1718 974 1792 Olim
1000 1717 1171 1812 magiss·

62 1837 175 2000 etl
204 1815 503 1988 hidii'eilid
527 1829 605 1986 iti
632 1817 736 1987 til?
760 1816 950 1988 {iiiiii
966 1815 1129 1987 etsist·

65 1935 244 2084 fascicdld
263 2034 283 2083 e
302 2011 425 2085 linteis
443 1937 736 2106 aut’polydiicho’
752 2031 842 2104 aqua
863 2011 1031 2085 celeriter
1046 1963 1128 2104 perd

64 2107 218 2199 linitur,
244 2107 518 2202 &resupinatus
535 2108 660 2202 prunis
681 2109 916 2200 admovetur,
942 2129 1017 2201 quo
1031 2106 1128 2182 iasio

69 2227 141 2300 per
166 2219 282 2280 totum
311 2205 505 2280 efflorescit
530 2205 680 2300 pustulis
709 2204 771 2278 seu
801 2204 1126 2280 exanthematibus.

71 2301 152 2376 Alii
178 2303 215 2376 in
237 2305 423 2398 placentas
440 2301 636 2378 efformant
647 2303 759 2399 magis
774 2315 918 2389 tenues,
937 2301 971 2375 dr
987 2299 1129 2397 peiline

65 2399 142 2472 illis
173 2401 346 2494 adaptato
375 2423 441 2495 per
470 2401 625 2474 lineolas
656 2399 862 2474 decussatim
891 2399 1128 2496 distinguunt,

63 2497 163 2571 unde
182 2499 335 2572 siccatus
354 2498 457 2592 panis
474 2499 569 2572 inter
589 2497 765 2572 edendum
779 2498 922 2571 facilius
938 2496 1126 2592 frangitur.

63 2595 129 2668 nd
149 2617 284 2690 panem
304 2603 469 2670 natricum
484 2596 651 2690 proxime
671 2595 813 2668 accedit
827 2596 888 2668 hic
908 2598 1012 2671 Panis
1028 2599 1127 2668 linea-

63 2709 120 2767 tus
150 2683 423 2788 (inliciebr'o'd)‚·
457 2692 633 2767 differunt
667 2705 786 2767 autem
821 2691 1011 2783 morsulis,
1050 2713 1129 2784 que

61 2789 148 2865 heic
169 2789 346 2865 distinete
362 2789 505 2884 quidem
528 2790 629 2882 sunt,
653 2791 692 2864 in
709 2791 778 2865 isto
796 2789 976 2884 separata.
1020 2789 1129 2864 Panis
1231 2791 1234 2806 ”

64 2909 161 2963 vcro
187 2889 358 2965 Biscostus
380 2889 431 2962 ita
451 2901 688 2984 praeparatur:
713 2888 890 2962 formatur
912 2887 1016 2982 panis
1039 2887 1128 2962 cras·

61 2984 143 3079 sus,
170 2983 271 3060 unde
299 2986 398 3060 vitro
420 2983 652 3060 cerevifiario
678 3000 740 3060 aut
771 2986 846 3059 alio
873 2983 1128 3078 instrumento,

62 3087 181 3158 velut·
197 3083 388 3174 modiolo,
413 3083 643 3158 desumuntur
660 3085 874 3178 portiones,
913 3103 990 3176 quae
1014 3077 1127 3158 codiie

62 3181 207 3256 induo
232 3180 462 3275 hamispaeria
484 3181 765 3256 horizontaliter
793 3180 1061 3271 discinduntur,
1085 3193 1131 3256 ut

63 3279 205 3354 iterum
231 3291 445 3374 coquantur.
493 3279 584 3374 Legi
611 3291 796 3354 merentur
819 3277 932 3352 verba
952 3277 1006 3350 L.
1031 3277 1127 3357 Am.

65 3380 199 3452 Seneca
221 3377 404 3474 Philosophi
431 3384 467 3451 io
492 3378 690 3472 EpidXC.
727 3375 883 3452 Tom.II.
912 3393 951 3472 p.
977 3399 1019 3448 ot.
1041 3387 1127 3468 318,

66 3475 132 3548 ubi
153 3473 356 3568 sapientem
384 3474 458 3548 hoc
482 3473 593 3548 modo
623 3474 662 3548 in
693 3473 883 3570 pistrinum
915 3475 1128 3567 loquentem

67 3571 296 3646 introducit:
327 3573 485 3668 Receptus
511 3579 547 3647 iet
566 3595 599 3646 os
617 3571 756 3666 fruges,
780 3593 968 3648 concurrens
987 3579 1071 3646 iuter
1090 3572 1132 3664 se

67 3673 198 3744 duritia
218 3671 359 3742 dentium
375 3667 529 3765 scortgst,
553 3673 597 3758 f?
612 3673 764 3766 quidquid
779 3672 918 3759 excidit,
944 3672 986 3744 ed
1010 3670 1131 3744 cosdroe

66 3769 179 3838 dentes
207 3769 320 3860 lirtgm
345 3765 510 3860 refertur:
541 3784 619 3842 cunc
645 3791 722 3842 vero
742 3769 861 3864 saline
884 3769 1059 3864 miscetur,
1091 3782 1132 3840 ut

64 3859 207 3952 facilius
219 3879 281 3958 per
292 3862 406 3956 succes
417 3869 560 3940 lubricas
581 3867 733 3962 creusam.
786 3867 868 3938 uem
887 3889 963 3939 vero
978 3870 1132 3960 puoeoir

71 3964 108 4036 in
132 3975 299 4055 uentrem,
325 3966 498 4059 modioli
507 3961 643 4060 jerom
663 3968 887 4068 concoquitur,
913 3978 989 4040 ereo
1006 3964 1131 4036 mom

544 4095 549 4106 ¹
1004 4063 1129 4152 corpus
