2604 4786
198 177 405 256 SENIUM
436 174 821 304 setonloNEUM.
868 182 874 192 '
975 165 1045 270 e'ss

12 383 94 451 ram,
117 357 230 434 alletia·
260 361 461 436 materiae
490 359 554 436 suo
583 381 659 434 non
690 359 808 434 aliena
836 359 933 432 foro.
981 357 1046 434 Est

14 456 101 554 igitu
112 461 284 548 Saeuus,
313 478 419 551 quam
447 460 655 534 mortalium
672 455 942 551 sapientillimus
962 455 1044 530 Rex

17 563 124 644 Selom,
148 557 212 651 Sp.
230 555 268 630 S.
291 555 484 650 inllindtu,
516 573 621 631 tanto
643 555 835 648 acumine,
870 569 1043 648 mumque

17 657 175 728 erulorum
194 655 461 730 concinnitate
483 653 671 750 expreffit‚
695 667 736 728 ut
758 675 878 730 rerum
901 653 1042 728 divina·
1082 741 1085 753 q

12 774 67 826 run
83 752 392 846 hurranaromque
410 775 542 849 guarus
560 753 603 828 fit
619 765 812 848 oporteat,
837 753 899 848 qui
915 753 1040 847 genui·
1126 777 1134 788 ·

12 869 72 924 num
94 847 252 942 ensem,
284 850 318 924 dt
345 851 525 946 emphalin
548 853 711 926 omnium
736 851 842 944 huius
866 851 1040 926 sermonis

12 947 238 1038 flosculorum,
273 949 345 1022 rite
380 948 571 1045 percipiat.
640 949 731 1037 Nos*
754 961 897 1044 autem,
935 947 1041 1024 miffis

12 1043 290 1138 explicationibus
310 1045 449 1124 criticis
464 1045 610 1122 &mere
623 1045 889 1142 Theologieis‚
913 1069 959 1120 ne
976 1046 1040 1120 fal·

12 1159 63 1216 tem
78 1143 110 1216 iu
124 1145 285 1219 alienam
303 1145 497 1220 immittere
513 1145 655 1222 meliem
672 1143 875 1234 videamur,
906 1166 947 1218 ea
961 1159 1038 1218 tan-

12 1257 62 1312 um
80 1239 341 1332 delibabimus,
366 1264 469 1336 quae,
496 1265 544 1318 ex
563 1243 719 1317 naturali
743 1241 931 1318 hominum
951 1263 1039 1316 con-

12 1335 116 1412 litione
146 1341 291 1434 petita,
319 1339 499 1416 laudatam
527 1342 678 1436 hujusce
707 1343 900 1436 pericopes
929 1341 1039 1433 parti-

12 1435 96 1508 culm
125 1437 401 1531 quodammodo
433 1439 609 1514 illustrare
644 1437 799 1533 poliunt.
848 1437 1039 1532 Sequimur

14 1551 74 1624 ergo
94 1535 263 1612 ordinem
290 1533 456 1628 Teates,
485 1535 590 1632 q'uem
615 1536 809 1614 secuudum
835 1535 1038 1612 verfiouem

12 1623 260 1712 lremellianam
281 1654 491 1730 proponere
515 1635 655 1710 licebit

249 1777 256 1788 '
396 1773 545 1850 Vens.
583 1771 613 1849 1.

200 1917 238 1972 1.
266 1893 449 1972 Recordare
475 1893 726 1972 CRETORIS
753 1901 814 1970 tui.

30 2107 36 2120 ι
77 2009 215 2110 Cuique
230 2017 461 2104 mortalium,
487 2017 583 2092 heud
601 2019 733 2092 leviter
755 2031 819 2092 aut
838 2021 1037 2102 oscitantes

12 2121 92 2218 utam
114 2113 344 2205 transeunti,
371 2135 467 2190 curae
492 2115 646 2211 ompino
670 2117 761 2206 erit,
788 2129 830 2190 ut
854 2117 904 2192 sui
930 2123 1037 2216 ipsius

17 2205 228 2312 eudeutianr,
260 2213 457 2308 omniaque
483 2211 543 2288 sua
564 2213 650 2292 inde
671 2213 893 2289 dimanantia
918 2219 1039 2296 officia

14 2317 62 2412 {lte
73 2307 322 2398 perscrutetur.
371 2309 595 2404 Simulatque
622 2313 752 2386 oculos
772 2312 810 2384 in
832 2313 926 2389 suam
948 2339 1037 2392 con·

12 2415 66 2488 pot
87 2407 361 2500 conditionem,
385 2407 643 2484 animadvertit
672 2407 706 2484 se
735 2409 972 2488 constitutum
996 2415 1037 2492 in

12 2495 92 2588 globo
106 2505 263 2597 quodam
288 2517 506 2600 terraqueo‚
531 2529 636 2600 quem
663 2509 842 2582 elementa
862 2510 1036 2609 subtililli-

12 2609 49 2706 pe
65 2611 206 2695 tegunt,
231 2602 323 2678 astra
353 2601 584 2680 remotiffima
607 2605 740 2680 fovent
760 2607 794 2678 dr
816 2605 1035 2704 illuminant,

12 2693 226 2808 lidooricilio
244 2699 498 2795 pretiofislimis
526 2703 706 2798 lapidibus
723 2703 932 2800 ‚exstruam
958 2707 1036 2802 pul·

12 2787 162 2899 lhenrmis
186 2799 312 2874 herbis
339 2799 373 2872 dr
398 2800 552 2876 floribus
583 2803 812 2899 intertexto,
852 2827 920 2879 nec
957 2827 1036 2882 non

12 2893 188 3002 turmalibus
211 2897 317 2972 multi
343 2897 509 2991 variique
534 2901 676 2995 generis
702 2918 894 2977 exornato.
946 2903 1036 2978 Haec

12 2999 123 3080 onore,
144 2993 239 3086 justa
252 2995 386 3070 mentis
399 2997 639 3090 perpendenti
657 2998 814 3089 trutina,
839 2999 1035 3095 evestigio

12 3085 138 3195 latebit,
167 3092 454 3187 mumquodque
481 3114 608 3168 eorum
637 3093 822 3171 Creatoris
849 3099 1035 3190 cuiusdam

12 3191 244 3294 omipotentis
279 3211 374 3286 opus
409 3187 506 3283 effe,
550 3193 710 3267 numeris
745 3192 1034 3270 absolutilirmum

12 3283 159 3391 omuibus.
219 3288 313 3364 Usus
342 3309 436 3372 vero
465 3305 584 3368 renem
615 3291 778 3366 omnium
811 3291 956 3384 suadet,
995 3309 1036 3366 ut

12 3373 181 3490 illuuiem
205 3387 319 3462 horno
339 3387 524 3484 magisque
552 3389 777 3464 reconditam
802 3389 866 3466 fibi
894 3389 1036 3466 illarum

12 3479 154 3556 conciliet
182 3485 446 3582 cognitionem.
506 3485 648 3562 Horum
674 3487 771 3562 enim
794 3489 863 3562 alia
885 3491 1036 3584 corpori

12 3565 132 3668 1Ῑθῐιάοι,
155 3584 246 3676 alia,
270 3596 311 3657 ut
325 3583 397 3679 ipsa
412 3605 579 3676 venena,
605 3585 720 3658 eidem
739 3588 956 3681 reparando,
983 3589 1036 3662 in·

12 3659 162 3775 serviunt,
185 3681 484 3776 qtrmnadmodum
507 3683 629 3756 aliaio
649 3683 742 3756 alios
763 3683 842 3764 usus
860 3685 1035 3760 Oecono-

12 3777 120 3874 mltos,
151 3778 281 3860 domos
311 3795 397 3874 puta
428 3779 640 3875 vestesque,
672 3783 843 3857 converti
896 3781 1036 3872 osiunts

12 3865 114 3948 illilus
127 3875 187 3950 ubi
206 3877 260 3952 uti
280 3877 422 3973 fruique
441 3878 644 3974 inceperit,
671 3893 748 3958 uo'n
766 3807 893 3978 pomp
906 3903 982 4052 noso
997 3881 1037 3956 iu

961 3999 1034 4052 um·
