2604 4786
234 249 315 358 &34
442 227 698 322 rannone
727 226 1081 306 rusecroaum.

8 399 59 471 ‘0'
227 411 349 510 ¹hebat
363 407 688 506 abominationem,
711 429 753 481 ac
766 407 962 500 Bu'fonum,
982 421 1025 484 ut
1036 410 1100 482 vix
1112 407 1223 482 nudis
1237 409 1287 483 rlla

232 507 405 586 'manibus
427 519 573 602 tangere
597 505 765 593 auderet;
791 529 872 580 curn
893 521 1022 582 contra
1039 508 1112 580 hoc
1131 521 1285 600 tempore

239 629 350 684 nemo
377 604 490 698 magis
521 602 694 678 Insertum
728 617 902 699 tangere,
940 627 982 680 ac
1012 604 1284 678 formohssimun

237 709 358 802 legere
375 705 504 776 florem
526 701 749 786 reformidet,
799 701 916 778 Immo
934 703 1027 777 haud
1047 699 1132 776 satis
1151 704 1282 796 longum

236 818 325 878 'ante
346 815 493 892 tempus,
509 799 676 872 homines
696 800 815 889 multi,
842 800 875 873 dr
900 801 1045 894 quidem
1061 797 1281 874 emundiorir

199 905 203 920 ⁴
233 901 351 990 'naris,
367 896 462 972 hisce
484 896 751 971 amoenitatibus
776 896 846 972 sele
866 899 1130 974 deledlantibus
1150 919 1293 992 prover,

239 999 340 1076 biorn
365 995 455 1089 saepe
476 994 720 1088 objiciebant:
749 1003 803 1070 cui
826 1000 928 1072 bono?
966 996 1182 1090 imprudens
1208 995 1293 1078 verul

240 1096 374 1174 diuum
390 1093 555 1166 &brutis
580 1092 884 1186 convenientius,
909 1095 1040 1188 quibus
1066 1107 1201 1168 natura
1222 1082 1293 1172 orl-l

240 1200 315 1271 lum
334 1203 454 1266 ebrum
473 1191 660 1279 omnium,
685 1212 764 1282 quae
785 1203 880 1266 terra
903 1192 1048 1287 prodit,
1073 1191 1189 1264 aliam
1206 1189 1265 1262 utili-
1292 1189 1293 1248 l

240 1309 352 1368 tatem
367 1289 515 1363 eruendi
539 1287 747 1361 facultatem
771 1286 892 1380 dedit,
918 1313 959 1363 ac
983 1291 1106 1381 illam,
1134 1281 1277 1381 quamcr'

237 1390 381 1466 ventris
404 1383 675 1480 impletione&
698 1384 860 1460 satietate
887 1386 1056 1463 sentiunt.
1113 1387 1268 1502 Quantum

239 1493 312 1588 jam
333 1482 634 1561 contradictionis
656 1483 820 1558 involvit
843 1487 1040 1581 incognite
1058 1485 1115 1558 rei
1143 1483 1293 1576 rndolcn,

240 1589 329 1663 scire
356 1598 463 1676 atque
482 1581 697 1671 utilitatem,
727 1603 774 1654 eo
798 1585 972 1678 majorem
1000 1583 1113 1657 etiarn
1142 1579 1273 1678 produt

198 1715 223 1788 ς
239 1680 506 1780 ignorantiam,
529 1679 589 1771 qui
610 1679 661 1752 nil
679 1679 841 1752 curiosos
855 1679 984 1754 decere
1002 1683 1152 1770 oculos,
1173 1689 1273 1772 prater
1292 1675 1293 1760 ζ

240 1780 504 1859 medicamenta
521 1774 786 1867 esculentaque,
808 1777 1024 1852 existimant.
1076 1777 1189 1865 Tunc
1209 1788 1274 1846 ten·

240 1877 343 1975 poris
371 1875 537 1947 homines
566 1887 768 1948 creatorem
793 1874 883 1947 nihil
915 1875 1045 1950 frustra
1073 1873 1195 1949 fecisse
1218 1892 1274 1944 nou

217 2001 224 2034 ¹
241 1973 599 2056 animadvertebant,
625 1991 744 2062 neque
759 1971 947 2065 videbant,
972 1973 1103 2069 exigua
1119 1974 1195 2047 haec
1210 1989 1275 2042 con·
1292 1993 1293 2006 ¹

240 2085 424 2164 temtaque
438 2069 651 2142 animalcula
666 2071 840 2162 majorem
859 2069 896 2144 in
913 2073 1041 2144 tellure
1057 2069 1273 2143 mutationem

112 2175 135 2222 ⁶
177 2145 181 2178 Ι
240 2171 403 2257 efficere,
438 2189 543 2260 quam
569 2166 839 2241 Rhinocerotes
866 2168 979 2242 lndiae
1004 2168 1274 2262 Elephantesque

241 2268 397 2345 horridae
415 2263 683 2359 magnitudinis.
725 2261 971 2340 Inseldaenim
997 2266 1128 2340 avibus
1151 2263 1274 2353 aliisque

241 2363 456 2445 nutrimenti
485 2362 599 2458 gratia
624 2360 738 2435 solum
762 2384 839 2436 non
864 2379 985 2437 creata
1013 2364 1114 2456 sunt,
1145 2375 1185 2435 ut
1203 2367 1294 2434 emt

242 2461 388 2560 vulgus,
413 2482 539 2533 verum
558 2458 738 2553 precipue
752 2460 796 2532 ad
809 2461 1027 2556 vegetabilia
1043 2462 1095 2534 ita
1112 2475 1273 2550 exaequan
1293 2469 1294 2526 t

242 2563 310 2652 da,
337 2575 377 2632 ut
403 2579 514 2631 unum
536 2557 639 2630 alteri
661 2578 737 2630 non
758 2558 801 2630 srt
817 2557 1074 2652 impedimet03
1100 2559 1176 2632 haec
1200 2550 1273 2627 enirn

242 2662 315 2736 sme
335 2659 482 2730 illorum
508 2653 730 2748 inspectione
751 2677 935 2827 nupquam
962 2654 1198 2752 persisterent

342 2847 527 2923 INSECF
529 2848 563 2921 A
578 2846 717 2940 semper
740 2851 785 2923 ab
808 2851 978 2925 omnibus
1001 2849 1159 2945 antiquis
1178 2841 1272 2920 auae

243 2950 343 3026 ribus
356 2950 547 3022 Vermium
568 2947 776 3020 combinata
799 2946 879 3022 sunt
902 2949 1021 3024 ordini
1034 2972 1046 3038 3
1072 2966 1217 3042 quorum
1237 2953 1273 3011 ta·

243 3071 327 3124 men
344 3060 443 3119 tanta
459 3043 510 3117 est
528 3043 756 3132 differentia,
781 3061 914 3138 quanta
932 3047 1027 3122 inter
1043 3047 1103 3120 illa
1117 3039 1273 3119 &Piscest

244 3169 326 3222 nam
354 3141 564 3238 quibusdam
595 3143 684 3215 licet
715 3145 844 3216 horum
871 3159 999 3218 natura
1033 3142 1167 3218 oileum
1196 3131 1273 3208 dedit

245 3243 413 3336 corporis
434 3252 677 3334 tegmentum,
701 3254 744 3312 ut
767 3240 920 3332 Pegalb,
946 3241 1178 3338 Syngnatho,
1201 3233 1294 3318 Cen*

244 3341 353 3416 trisco
375 3339 409 3412 dr
430 3335 661 3426 Ostracionir
688 3339 867 3412 vertebris
892 3353 1011 3413 tamen
1040 3339 1188 3431 aliisque
1209 3348 1270 3426 gau·
1293 3356 1294 3424 r

244 3433 334 3512 den't
361 3433 513 3522 ollibus,
541 3434 669 3527 quibus
696 3435 879 3510 adherent
904 3437 1073 3527 musculi,
1100 3435 1270 3534 quibusque

244 3535 391 3631 penitus
425 3530 665 3606 destituuntur
698 3530 853 3624 inserta,
888 3557 988 3628 quae,
1022 3533 1136 3609 veluti
1172 3525 1294 3604 loricur

244 3633 427 3732 galeisque
455 3629 601 3720 induta,
638 3630 815 3704 musculos
840 3633 1022 3706 crustacea
1048 3634 1115 3706 hac
1145 3625 1294 3704 insertosw

244 3731 381 3805 habent
397 3743 502 3815 cute;
527 3729 578 3801 ita
620 3750 741 3820 uoque
760 3731 989 3806 aVermibus
1009 3731 1159 3826 proprio
1179 3715 1246 3798 sens
1293 3781 1294 3788 κ

244 3851 384 3925 organo
405 3750 630 3921 (Antenniil
652 3825 938 3927 distinguuntur,
965 3828 1142 3906 vermium
1160 3820 1193 3896 T
1194 3827 1268 3891 enta·

243 3928 333 4004 culis
357 3925 504 4023 penitus
530 3921 694 4001 dillimili
1162 4021 1182 4114 ς
1213 3998 1255 4082 VI
1293 3969 1294 3980 a

319 4209 343 4286 μ’
