2768 4768
333 185 504 298 seems
536 139 867 296 m'sinmns.
1074 239 1130 314 1,

73 395 131 482 nis
152 390 335 487 equaliter
365 392 435 472 sese
462 392 650 481 habuerim
667 389 799 486 ¹i'aepe,
824 391 859 466 de
883 391 1027 487 quidem
1048 390 1126 466 sub·

77 493 173 582 dole,
202 511 302 564 nunc
322 513 453 580 unum,
478 511 576 564 nune
599 492 751 564 alterum
765 490 992 586 optimorum
1009 489 1126 564 inter·

75 591 149 663 dun
174 589 313 662 civium
348 589 549 700 invadens,
579 587 748 662 necavit:
780 587 993 682 quibusdam
1016 589 1126 664 annis

72 701 195 780 typum
217 686 316 762 suum
341 687 521 778 mutavit,
530 683 728 760 interdum
751 685 944 760 admodum
962 685 1032 760 fuit
1051 707 1125 759 ma

67 784 183 880 lignus
204 797 359 878 cumque
380 783 581 878 petechiis,
612 803 685 876 quo
706 783 746 857 in
771 781 852 862 casu
877 773 1124 880 contagiosus,

67 883 222 974 indeque
243 883 394 956 nomine
425 882 541 954 Febris
566 887 796 977 peecbizamu
823 879 1011 978 insignitus
1036 879 1124 976 suit,

68 979 245 1052 interdum
271 979 495 1054 stomachum
509 979 666 1052 maxime
688 976 843 1082 affecit,
860 978 894 1051 u
916 977 1031 1054 diibus
1053 977 1126 1052 fuit

68 1079 182 1151 Febris
201 1079 405 1173 nesmterico
423 1077 497 1154 five
520 1081 734 1150 catarrhum:
759 1067 983 1151 a'ndnnullis
1002 1089 1126 1152 autem

69 1175 131 1252 Feb
133 1162 181 1246 r'is
205 1176 361 1267 nervosa,
397 1174 572 1267 quoniam
603 1171 784 1248 interdurn
813 1195 895 1250 cum
926 1173 1064 1256 delitiis
1086 1172 1129 1247 dt

66 1270 207 1365 spaiinis
229 1271 404 1369 aggreffus
425 1273 517 1361 fuit3
544 1269 724 1347 interdum
751 1272 882 1364 etiam,
907 1269 1127 1366 potissimum

67 1381 188 1443 tamen
205 1383 372 1463 tempore
387 1391 520 1460 verno,
541 1369 579 1446 iu
593 1368 755 1442 febrem
745 1369 989 1444 mtermittent
990 1389 1048 1442 em
1064 1367 1125 1442 de·

67 1469 241 1556 elimavit3
273 1482 496 1563 quapropter
517 1487 653 1541 nomen
681 1465 886 1570 Quotidiano
907 1466 968 1541 seu
998 1465 1124 1540 Tertia

64 1589 113 1638 ue
132 1571 289 1639 cmtbmae
308 1566 342 1638 ei
368 1563 636 1660 imposuerunt3
668 1565 809 1656 verbo,
834 1563 1024 1646 medicine
1044 1583 1127 1640 uon

66 1655 160 1735 adeo
180 1662 290 1756 periti
308 1661 431 1736 falsum
451 1662 514 1736 srbi
533 1660 577 1734 de
597 1683 644 1734 eo
663 1661 867 1737 formarunt
889 1675 1124 1757 conceptum.

64 1758 211 1834 Interea
244 1773 286 1832 ut
314 1782 430 1854 nuper
463 1759 666 1852 monitum,
700 1759 760 1834 hic
788 1761 939 1834 morbus
965 1781 1045 1834 non
1071 1758 1126 1834 est

62 1880 214 1949 novus,
241 1871 304 1930 aut
324 1857 478 1951 Upsaliae
504 1871 644 1930 tenuem
665 1857 874 1950 eudemius,
904 1854 963 1932 sed
987 1856 1126 1952 ubique

62 1955 142 2029 fere
171 1957 395 2039 communis3
425 1967 576 2051 vagatur
593 1955 771 2049 enimper
788 1967 903 2030 totam
922 1954 1023 2034 Euro
1109 1998 1132 2048 5
1194 1995 1199 2008 ·

16 2141 20 2144 ,
65 2051 190 2130 saltem
213 2075 284 2146 qua
305 2053 427 2148 vergit
444 2055 488 2125 ad
510 2051 755 2144 meridiem,
745 2073 855 2146 mque
877 2053 1023 2127 Italia*
1004 1978 1126 2144 'iliri-

64 2163 125 2222 ter
146 2149 301 2224 Romam
325 2149 572 2244 &Neapolim
592 2150 684 2222 adeo
708 2151 889 2244 vulgaris,
912 2162 954 2224 ut
973 2151 1126 2244 populn-¹

65 2269 128 2320 res
152 2248 262 2320 nostri
279 2248 361 2322 rbi
350 2261 420 2320 ster
440 2248 560 2322 facere
581 2247 744 2321 timeant
796 2247 870 2351 Qui
897 2245 1018 2320 Indias
1041 2245 1126 2320 vifi-

65 2357 213 2436 tarum,
248 2347 417 2420 morbum
452 2343 644 2418 admodum
677 2345 895 2442 malignum,
912 2366 1003 2446 ,quo
1033 2367 1125 2438 prae·

62 2445 176 2536 cipue
195 2443 299 2516 multi
323 2443 587 2536 Europaeorum
612 2441 817 2516 nostrorum
842 2443 928 2517 illuc
952 2441 1124 2516 advecto-

60 2541 356 2630 rum,s1mrnus
380 2541 476 2614 cauti
505 2539 604 2630 sunt,
630 2540 858 2652 moriuntur,
884 2537 935 2614 ibi
965 2540 1123 2615 animad-

62 2651 282 2729 vesperum,
311 2639 372 2732 qui
398 2638 543 2730 quidem
567 2659 588 2711 a
612 2638 724 2710 variis
744 2637 798 2710 est
822 2636 1040 2732 descriptus,
1063 2637 1127 2712 sed

62 2735 195 2829 faepius
223 2737 317 2810 adeo
347 2733 521 2828 obscure,
550 2749 592 2808 ut
619 2735 795 2810 maximus
821 2735 864 2810 fit
884 2736 1052 2828 labor,
1039 2757 1125 2812 eum

61 2833 213 2907 elrbris
238 2833 423 2916 austerum
453 2856 599 2919 eruere3
632 2835 766 2927 quippe
793 2857 874 2908 curn
904 2833 1079 2908 nullam
1067 2854 1125 2908 rn-
1147 2869 1151 2876 ·

62 2944 121 3004 ter
148 2929 395 3026 symptomata
419 2930 657 3005 accidentalia
676 2931 712 3004 dr
729 2931 826 3028 figna
848 2929 1047 3006 essentialia
1070 2931 1124 3006 di·
1223 2945 1226 2966 ³

60 3027 298 3102 ffinbbionem
322 3029 488 3102 fecerint.

164 3126 340 3220 Coniunx
367 3127 416 3199 D.
447 3125 626 3216 Praesrdis,
667 3123 748 3220 Ego
775 3122 865 3218 ipse
859 3123 953 3198 ·&
942 3125 1126 3200 mnumeri

63 3222 129 3295 alii
153 3225 229 3298 hoc
254 3223 385 3298 morbo
404 3223 491 3296 -beic
514 3223 671 3316 Upsaliae
694 3243 792 3296 enno
815 3243 910 3316 1754
934 3222 1043 3336 egri,
1066 3222 1124 3298 ni-

63 3321 182 3395 mium
205 3343 289 3394 care
315 3321 526 3416 propiorem
558 3323 655 3395 illius
681 3321 831 3394 emimus
855 3321 1122 3417 cognitionem,

60 3439 175 3508 quam
207 3420 371 3494 breviter
399 3419 611 3494 adunrbmue
639 3419 730 3493 utile
765 3418 950 3518 judicavi,
990 3433 1032 3494 ut
1059 3419 1125 3494 alii

59 3515 271 3592 diffindam
300 3518 379 3611 ejns
408 3516 525 3592 ideam
548 3518 660 3688 etgrm
690 3505 918 3607 obtineant3
929 3513 1124 3592 Lestorem

479 3697 482 3706 ⁴
637 3637 659 3688 2
1000 3617 1127 3714 benig·

104 3791 271 3872 *N’ebrir
291 3736 498 3854 Semitmiara
522 3787 663 3873 exquifita
682 3785 912 3871 familiarum
880 3789 1124 3877 simulamine
1212 3795 1221 3817 ⁰
1258 3840 1262 3850 .

62 3869 152 3948 airu
171 3869 297 3954 hujus(
276 3869 409 3954 (uma)
422 3865 625 3950 urbisdo'fere
633 3879 771 3954 perpetuo
792 3855 841 3932 bi'c
859 3891 917 3952 gra
938 3881 1028 3948 arur,
1048 3871 1129 3976 qued

64 3953 162 4018 etiam
181 3953 321 4039 cognom
334 3949 465 4016 Galam
481 3955 575 4017 sona
587 3950 656 4014 sira
668 3949 782 4042 degens.
811 3951 990 4032 Βαι1.ρω.
1008 3959 1129 4036 Μ’.)-
1185 3989 1222 4028 ι,
