2630 4776
284 255 351 312 112
383 227 802 306 TRANSMUTATIO
828 227 1274 326 ruuimuronum.

282 424 420 487 mento.
452 409 554 510 ,Nec
579 411 683 483 Rhedi
699 423 854 504 unquam
870 411 993 505 potuit
1012 412 1190 486 obtinere
1213 435 1306 486 vern

163 579 166 586 ,
282 512 384 584 culos
403 511 561 581 incarne
577 507 740 600 putrida,
768 509 831 582 nisi
849 509 1063 583 accederent
1077 509 1243 602 infesta,
1270 535 1306 603 qi

283 629 357 680 ova
379 606 616 698 deponerent.
669 603 777 677 Certe
801 608 860 697 qui
886 606 1050 701 fugitivis
1078 607 1206 680 oculis
1233 629 1306 681 mo<

282 705 464 779 intueatur
506 701 711 774 ssrusturam
748 702 1056 777 minutissimorum
1097 705 1306 778 animalculi

283 824 386 892 rum,
418 801 545 874 lioriim
574 799 781 872 conformes
807 801 1100 890 articulationes,
1134 802 1306 876 musculo

281 898 440 988 viscera,
464 919 598 992 organa
622 895 779 970 ennium
800 896 1037 993 &c.‘siingiim
1055 898 1170 974 habet
1191 921 1306 993 proci

281 998 410 1084 sebio,
438 998 498 1088 qui
531 995 717 1085 concipiat
742 994 833 1067 adeo
858 994 1085 1070 artificiosam
1113 999 1306 1070 machinam

283 1117 358 1188 quae
377 1115 519 1166 omnem
538 1093 613 1164 vim
627 1093 761 1186 ingenii
779 1092 1043 1186 humani·ionge
1055 1093 1219 1187 superat,
1244 1091 1306 1188 pos

282 1191 415 1266 casu&
441 1189 498 1263 sua
522 1187 649 1282 sponte
677 1187 851 1282 generari.
902 1190 1073 1264 Similiter
1096 1191 1217 1264 etiam
1242 1211 1306 1264 con

281 1305 445 1385 paratum
467 1286 518 1360 est
535 1308 616 1359 cum
632 1285 789 1377 Plantis,
816 1309 964 1381 quarum
981 1289 1157 1361 machinae
1183 1289 1239 1361 ita
1253 1309 1306 1360 coi

281 1389 416 1461 formes
437 1387 531 1458 intra
545 1382 641 1456 suarii
654 1382 821 1478 speciem,
846 1385 896 1457 ita
912 1384 1102 1459 artificiose
1119 1383 1306 1460 coninua

281 1485 558 1573 delabente,
590 1495 632 1553 ut
656 1483 774 1556 nullus
800 1504 874 1556 non
905 1484 1038 1575 apertis
1065 1484 1187 1556 oculis
1216 1481 1306 1554 videi

282 1605 375 1676 opus
406 1585 443 1655 iii
475 1580 530 1652 his
567 1579 730 1652 oinniscii
755 1580 789 1652 δι
816 1579 1079 1673 omnipotentis
1121 1579 1305 1655 Creatoris

282 1679 445 1770 adeoque
471 1699 546 1748 non
570 1677 688 1752 minus
712 1678 811 1749 valet
828 1677 864 1750 in
880 1678 1033 1770 plantis,
1061 1700 1172 1771 quam
1201 1679 1241 1751 in
1261 1673 1306 1750 aiii

280 1775 454 1867 malibus,
477 1774 665 1869 generatio
684 1775 731 1848 lic
748 1774 841 1848 dista
862 1774 1023 1849 univoca
1050 1798 1096 1849 ex
1122 1797 1222 1851 ovo.

745 1958 777 2046 §-
825 1955 868 2026 x.

376 2066 616 2142 Attendamus
639 2079 789 2159 oportet
811 2068 854 2141 ad
874 2067 1219 2162 multiplicationem
1235 2067 1306 2162 plau

280 2181 419 2258 tarum,
446 2165 650 2239 videbimus
673 2186 706 2235 e.
727 2185 760 2259 g.
780 2168 918 2239 caulem
947 2166 1086 2240 arboris
1117 2165 1264 2240 extendi
1287 2163 1306 2234 ii

280 2287 421 2354 ramos,
446 2285 566 2337 ramos
593 2262 629 2334 in
658 2263 837 2353 ramulos,
865 2264 932 2336 hos
962 2264 1000 2336 in
1024 2284 1204 2358 gemmam
1238 2281 1306 2356 geni

280 2385 356 2437 mas
376 2383 451 2434 non
478 2358 573 2432 aliud
595 2355 663 2429 eise
684 2381 787 2450 quain
801 2360 942 2434 futuros
956 2363 1113 2434 ramulos
1128 2359 1305 2435 coartiata

281 2461 316 2532 &
330 2455 594 2530 minutissimum
617 2453 746 2529 horum
765 2457 1039 2551 compendium,
1068 2459 1169 2550 quod
1192 2453 1305 2531 constet

281 2554 434 2652 squamis
451 2551 709 2644 minutissimis,
739 2557 908 2647 proximo
933 2576 1030 2628 anno
1056 2549 1305 2649 explicandisii

280 2654 391 2740 folia,
418 2653 451 2723 ἃ
470 2653 564 2723 intra
579 2650 747 2744 singulam
765 2653 940 2744 squamam
954 2651 1144 2727 foliaceam
1161 2649 1305 2746 punstuil

281 2750 468 2825 minimum
487 2747 545 2820 seu
571 2767 744 2841 gemmam
765 2751 942 2822 minorem
959 2749 1099 2824 duobus
1121 2749 1251 2823 abhinc
1266 2763 1304 2816 aii

281 2848 339 2923 nis
356 2844 603 2940 explicandam
626 2844 663 2916 iii
685 2849 857 2920 ramulum
880 2848 1094 2936 soliaceum‚
1123 2847 1220 2920 &sie
1241 2859 1304 2914 con

281 2945 414 3018 tinuari
434 2940 772 3034 multiplicationem
794 2946 945 3038 plantae,
970 2944 1052 3018 duin
1079 2945 1214 3040 singula
1236 2955 1304 3034 geni

280 3043 378 3118 mula
398 3039 594 3114 constituat
611 3061 746 3115 novain
760 3043 927 3136 plantam.
961 3041 1221 3135 Comparemus
1236 3039 1304 3110 hui

279 3137 622 3233 multiplicationem
640 3159 721 3212 curii
738 3161 860 3212 verine
886 3141 1007 3228 Tertia,
1030 3139 1063 3212 ἃ
1081 3137 1258 3213 constabit
1273 3130 1289 3203 s
1301 3169 1303 3180 ι

281 3239 352 3313 eile
380 3234 594 3324 similitude,
627 3237 689 3308 ubi
721 3237 965 3330 unusquisque
990 3237 1161 3310 articulus
1196 3243 1303 3308 novam

282 3334 473 3410 constituit
495 3333 609 3406 vitain
634 3331 694 3406 seu
721 3335 907 3427 'proprium
934 3334 1207 3422 animalculum‚
1233 3317 1303 3420 qu⁰i

282 3434 378 3528 parit
401 3431 610 3504 simillimam
626 3431 788 3523 prolem,
818 3429 877 3504 sed
897 3432 1139 3505 coherentem
1157 3450 1234 3504 cuin
1253 3439 1302 3495 Μ’

281 3544 360 3618 tre,
386 3527 474 3602 serie
501 3526 591 3622 saepe
615 3526 899 3604 numerosissima.
949 3530 1022 3602 Vel
1046 3529 1153 3602 etiam
1181 3524 1302 3626 adduce

281 3649 384 3716 mus,
413 3625 568 3717 exempli
594 3627 700 3713 loco,
727 3629 961 3714 Sertiilariam,
987 3627 1089 3718 cujus
1110 3628 1188 3699 vita
1209 3617 1302 3697 multi·

284 3725 439 3820 plicatur
457 3722 586 3796 eodem
610 3723 744 3812 niodo,
768 3745 841 3816 quo
858 3723 1016 3811 Teniae,
1040 3695 1113 3796 seo⁸
1122 3722 1226 3798 ramis
1247 3713 1302 3825 plu*

283 3822 407 3912 ribus,
434 3819 522 3892 &in
547 3819 614 3892 hac
642 3820 871 3894 observemus
897 3819 1185 3916 unumquemque
1201 3825 1301 3914 attici*

286 3923 362 3995 luni
380 3917 565 4016 propriam
583 3917 718 4012 vitam,
743 3920 1002 4015 propriumque
1020 3940 1153 4017 corpus
1169 3903 1301 4098 cumrsgal

1228 4027 1248 4084 ο
1298 4031 1301 4050 .
