2714 4768
241 294 267 366 4
546 267 728 345 nioiuii
761 265 991 346 CLASSICI.

244 453 377 528 borum
407 446 530 524 sedulo
561 449 778 544 indagarem.
840 449 932 530 Sunt
964 471 1057 524 vero
1088 449 1235 541 harum,
1267 465 1304 527 ut

245 552 358 646 vulgo
391 547 561 643 distingui
589 546 879 640 consueverunt,
918 549 997 622 aliae
1023 549 1305 645 predisporreriies,

248 649 326 721 aliae
360 644 567 744 proprio&
600 645 776 739 principis
818 645 956 721 idcirco
993 646 1304 720 considerationis.

246 745 344 834 Illae,
369 757 411 818 ut
429 765 474 816 ex
493 743 684 816 vocabulo
698 744 865 836 proclive
886 742 937 817 est
959 745 1140 833 ‘udicatu,
1173 766 1305 837 corpus

246 844 354 916 unius
376 840 537 916 bominis
562 863 635 934 prae
664 841 779 913 altero
806 841 850 914 ad
877 769 1087 937 coniagium
1114 839 1303 916 admitten-

248 941 333 1014 dum
356 938 552 1032 disponunt
572 938 607 1010 dc
627 938 721 1030 quasi
744 953 966 1033 praeparant‚
991 940 1080 1012 licet
1106 939 1308 1034 ingruentis

248 1038 429 1114 rationem
459 1037 600 1128 morbi,
634 1058 759 1108 veram
788 1037 932 1130 quidem
956 1037 990 1111 &
1011 1060 1117 1130 quarn
1147 1035 1309 1131 philoso-

247 1138 404 1233 phorum
428 1156 495 1208 ore
512 1132 746 1208 sufficientem
766 1156 1080 1229 nuncuparemus,
1105 1137 1207 1209 nullo
1228 1155 1308 1207 mo·

248 1235 298 1308 do
324 1234 361 1307 in
386 1232 498 1307 semet
519 1232 711 1306 continere
738 1247 922 1327 putentur.
973 1234 1033 1306 Sic
1056 1255 1212 1326 nempe,
1243 1229 1307 1326 qui

249 1330 410 1434 exbaulbi
441 1330 772 1424 quomodocunque
798 1330 832 1404 dt
856 1331 1035 1406 debilitati
1054 1331 1105 1405 est
1122 1327 1306 1425 corporis,

248 1429 450 1526 epidemica
471 1427 621 1522 quadam
643 1429 703 1500 lue
720 1427 862 1502 facilius
884 1429 1175 1519 contaminatur,
1201 1450 1309 1522 quam

249 1527 310 1623 qui
331 1525 516 1601 robustior
532 1525 633 1599 est&
650 1523 793 1599 facilius
804 1526 1002 1621 perspirat3
1032 1528 1082 1601 ita
1099 1541 1241 1616 tamen,
1265 1537 1309 1598 ut

249 1624 372 1700 esfoeta
400 1624 462 1697 illa
493 1623 660 1717 corporis
693 1621 930 1717 constitutio,
957 1647 1025 1720 pro
1043 1627 1201 1722 genuina
1218 1644 1308 1697 con·

247 1722 351 1814 tradi
375 1721 496 1795 morbi
519 1720 635 1794 ceolla
654 1721 803 1795 minime
823 1721 865 1796 sit
885 1723 1096 1817 reputanda.

346 1857 491 1952 Propria
506 1856 625 1929 morbi
644 1858 838 1951 cujuslibet
853 1858 989 1953 caussa,
1015 1867 1077 1933 aut
1086 1865 1238 1956 proximo
1257 1853 1314 1928 est

250 1967 313 2030 aut
327 1969 455 2029 remota.
506 1953 572 2026 llla
594 1954 820 2049 immediate,
848 1972 891 2031 ut
911 1957 962 2031 ita
982 1956 1112 2048 dicam,
1137 1954 1311 2032 effectum

248 2051 443 2146 producit,
472 2051 548 2124 liaec
576 2053 719 2127 nonnifi
743 2076 764 2127 e
788 2057 853 2128 lon
881 2055 993 2148 inquo
1023 2069 1162 2152 agente.
1212 2052 1311 2126 Rem

249 2151 417 2244 exemplo
455 2149 688 2224 declaremus.
767 2076 881 2250 Ciuili
916 2162 1066 2249 proximo
1098 2148 1311 2226 Pleuritidis

247 2247 426 2344 stagnatio
458 2247 725 2345 &coagulatio
759 2248 937 2346 sanguinis
963 2252 1001 2325 in
1029 2252 1119 2324 vafis
1145 2245 1311 2322 minimis

249 2345 452 2435 arteriosis,
479 2345 628 2436 eiusque
650 2345 687 2418 in
707 2367 820 2420 venas
849 2348 1043 2442 impeditus
1071 2347 1311 2437 transfluxus,

248 2441 412 2516 habetur.
480 2442 614 2514 Rerioia
637 2455 779 2536 autem,
807 2451 868 2520 aiir
895 2445 1045 2542 frigidus
1067 2446 1101 2520 dt
1122 2443 1312 2536 humidus,

249 2539 312 2633 qui
340 2536 470 2612 solidas
489 2539 656 2632 corporis
683 2540 796 2632 nostri
829 2556 948 2636 partes
976 2543 1140 2641 stringit,
1165 2542 1199 2614 dc
1225 2542 1311 2636 glo·

248 2637 357 2711 bulos
383 2634 563 2732 sanguinis
591 2637 744 2730 adunat,
777 2638 1019 2736 sepenumero
1048 2639 1311 2716 animadverti·

247 2756 340 2808 mus.
391 2732 450 2806 Sic
474 2734 511 2807 in
529 2733 732 2828 Scorbuto,
762 2736 876 2810 caussa
890 2741 1056 2832 proxima
1075 2737 1126 2812 est
1140 2735 1310 2810 corrosio

247 2831 419 2907 fibrarum
451 2830 484 2904 oz
512 2832 678 2905 vasorum
717 2834 949 2909 minimorum
982 2836 1310 2930 lymphaticorum,

249 2928 366 3004 caussa
387 2943 506 3002 autem
528 2943 690 3022 remota,
715 2929 800 3006 salia
824 2932 904 3006 sunt
928 2937 1020 3009 lianc
1045 2932 1155 3028 ipsam
1175 2949 1309 3006 corro-

248 3027 385 3102 sionem
412 3025 615 3100 efficientia.

345 3152 509 3227 Proxime
532 3156 743 3231 morborum
764 3159 908 3254 caullae,
936 3162 1115 3240 difficilius
1134 3164 1312 3260 detegen-

248 3249 323 3340 dae,
351 3248 442 3343 saepe
469 3272 539 3324 nos
564 3255 699 3343 lateut;
736 3258 797 3330 vel
827 3257 947 3334 saltem
976 3265 1126 3358 ancipiti
1160 3260 1314 3338 subsunt

249 3346 487 3458 coonjedlurae,
513 3350 607 3424 unde
631 3365 690 3424 tot
715 3353 916 3430 dissidentes
942 3361 1036 3455 apud
1065 3361 1228 3435 auderes
1257 3361 1313 3434 de

248 3466 293 3516 iis
317 3444 610 3554 reprehendimus
634 3451 853 3546 opiniones,
886 3479 968 3530 cum
994 3457 1146 3533 sensibus
1170 3457 1313 3533 nostris

248 3541 286 3614 in
311 3543 460 3615 ultimos
489 3544 682 3621 caussarum
713 3551 835 3623 fontes
861 3570 1050 3647 penetrare
1077 3559 1198 3638 datum
1224 3579 1313 3632 non

247 3638 324 3750 sit..
352 3635 490 3754 Contra
519 3659 667 3716 remotae
699 3646 787 3739 illae,
822 3652 931 3746 longa
964 3651 1152 3746 sedulaque
1183 3655 1313 3728 obser-

248 3749 439 3809 vationum
462 3737 652 3834 indagine,
681 3744 717 3814 in
741 3747 902 3838 apricum
919 3753 1023 3824 velut
1039 3751 1242 3844 ducuntur,
1270 3755 1315 3826 dc

247 3855 316 3927 pro
339 3832 543 3910 diversitate
568 3838 782 3934 caussarum,
813 3844 949 3940 species
971 3851 1182 3924 morborum
1205 3851 1316 3926 reite

247 3943 428 4006 curantiu.

1170 4049 1206 4141 §.
1231 4045 1313 4124 IV.
