2630 4776
232 190 282 266 tt
600 177 921 260 RUXBAUMIAL

233 352 486 440 vennone
507 357 722 451 tempestate
739 357 835 434 idem
850 361 943 433 latur
962 357 1009 432 ad
1026 369 1168 436 terram
1185 367 1295 450 nutat,

233 451 443 548 jucundiori
468 475 559 528 vero
585 477 673 530 aura
694 459 824 530 celum
847 453 1003 550 suspicit.

332 577 541 673 Praecipmnn
558 593 679 653 autem
695 579 792 673 quod
812 580 849 653 in
867 579 940 652 hoc
960 577 1171 673 vegetabili
1186 575 1298 652 obserl

234 674 346 764 vavi,
375 675 506 768 cuique
522 698 592 749 nec
611 677 722 751 srmde
741 678 784 750 ab
801 679 877 748 ullo
895 677 1086 750 Botanico
1103 675 1221 748 visum
1237 673 1293 762 est,

236 767 402 865 inprimis
427 773 510 846 heic
538 796 690 848 monere
712 773 943 848 neceuarium
976 775 1096 847 duc0.
1153 771 1294 846 Constat

236 875 433 963 capitulum,
468 872 523 943 uti
552 870 683 946 ditium
707 871 780 958 est,
812 872 875 944 suo
901 872 1080 963 vasculo,
1113 870 1298 962 eidemque

236 965 407 1060 imposito
425 975 590 1062 operculo,
616 985 660 1044 ut
678 972 716 1044 in
728 970 876 1062 tellonis
892 970 1047 1056 muscis;
1079 992 1166 1042 cum
1186 983 1291 1040 autem

235 1063 363 1154 aperio
380 1063 539 1159 suspensa
561 1091 669 1142 manu
689 1069 761 1140 hoc
785 1073 965 1163 operculum
982 1065 1166 1162 capituli,
1192 1065 1291 1137 video

233 1159 328 1234 istud
344 1162 513 1256 sempera
528 1179 631 1257 parte
648 1167 791 1240 interna
806 1164 926 1238 versus
943 1167 1042 1238 basin
1057 1165 1289 1258 perforatum,

234 1255 274 1329 in
294 1259 391 1352 quod
409 1261 573 1335 foramen
589 1262 625 1336 se
640 1265 793 1337 insinuat
808 1265 1016 1336 membrana
1042 1264 1198 1352 cinaris,
1223 1281 1290 1352 que

234 1367 379 1428 manno
405 1357 521 1432 frustu
544 1360 580 1432 in
605 1367 681 1434 cillo
704 1358 867 1434 solvitur.
920 1361 1014 1451 Sed,
1043 1360 1149 1453 quod
1172 1369 1287 1433 notatu

234 1451 484 1546 diguiilimum,
503 1458 737 1532 esummitate
750 1459 856 1551 hujus
869 1457 1083 1548 foraminis,
1105 1459 1201 1531 intro
1214 1475 1287 1550 pre·

234 1549 369 1623 ditium
398 1555 525 1627 tubum
551 1556 737 1650 operculi,
764 1555 944 1648 dependet
970 1560 1108 1630 Stomen
1139 1555 1284 1636 unicum,

234 1648 543 1744 perfeetiffimum,
568 1654 736 1726 constans
753 1653 824 1727 basi
841 1654 943 1727 tenui
958 1654 1217 1727 &Filomento
1229 1647 1284 1721 fili·

235 1745 345 1819 sormi
375 1747 503 1838 brevi,
530 1751 633 1844 apice
660 1750 823 1824 Anthera
848 1752 1056 1839 turbinata,
1088 1774 1171 1844 quae
1195 1749 1285 1819 deor-

89 1889 92 1896 ·
234 1838 311 1916 sum
337 1843 457 1916 tendit
478 1846 573 1920 inter
597 1847 682 1920 cilia
704 1848 901 1941 &respicit
921 1849 1126 1922 cavitatem
1151 1839 1283 1926 vasculi,

237 1963 352 2034 equa
381 1941 587 2017 dehiscente
616 1947 741 2038 pollen
771 1947 910 2040 depluit
934 1947 1051 2020 siccus
1083 1948 1124 2020 in
1150 1943 1281 2020 farinam

236 2037 424 2113 seminum.
482 2041 740 2135 Inquirendum
773 2045 895 2136 itaque
925 2044 1079 2137 judico,
1109 2063 1196 2118 num
1223 2039 1281 2110 hoc

236 2138 507 2235 phaenomenon
540 2142 649 2214 etiam
678 2141 716 2215 in
750 2142 898 2234 reliquis
928 2141 1060 2214 muscis
1102 2127 1281 2215 obtineat?

239 2235 337 2332 quod
364 2249 443 2312 tunt
468 2239 607 2332 aperiet
634 2242 731 2313 viam
752 2240 919 2312 ulteriori
948 2238 1129 2337 indagini.

335 2734 435 2808 Dum
470 2753 729 2810 uuxuouurus
761 2733 851 2806 dicit
884 2731 1083 2824 capitulum
1114 2726 1203 2804 lindi
1232 2722 1281 2796 rel

240 2833 433 2912 secundum
462 2830 726 2926 longitudinem
747 2830 949 2917 dehiscere,
977 2849 1117 2902 avero
1143 2822 1283 2900 maxime

241 2930 426 3019 defleslit3
466 2950 549 3002 nam
579 2930 726 3002 tenuior
757 2930 817 3002 illa
845 2927 1052 3002 membrana
1091 2921 1282 2999 lateralisa

240 3029 406 3106 crailiore
432 3049 503 3102 nec
530 3025 701 3118 finditur,
730 3049 799 3100 nec
822 3023 1059 3114 dirumpitur;
1088 3022 1211 3096 eadem
1237 3033 1280 3088 ra·

240 3133 346 3205 tione
361 3126 559 3220 capitulum
578 3146 723 3217 quoque
743 3124 909 3217 depinxit
923 3122 1107 3218 gibbosrus
1123 3119 1167 3192 ad
1185 3113 1279 3202 balio,

96 3251 102 3258 ·
241 3230 339 3326 quod
365 3242 486 3298 mmen
505 3223 615 3318 longe
637 3223 741 3296 aliter
762 3221 798 3295 se
821 3221 941 3294 habet.

336 3365 557 3420 urcuaorus
576 3363 653 3414 non
668 3341 788 3414 minus
802 3361 823 3412 a
836 3339 993 3416 veritate
1014 3335 1186 3427 dissentit,
1208 3327 1279 3402 dum

239 3447 326 3524 huic
351 3442 455 3517 Folia
481 3439 621 3512 tribuit.

186 3541 201 3570 ⁹
338 3567 491 3638 Ordinem
516 3562 623 3650 hujus
654 3557 869 3655 vegetabilis
896 3560 1095 3632 naturalem
1126 3541 1276 3652 determi-

237 3679 326 3742 natu
358 3663 478 3735 fateor
508 3658 689 3732 difficilem
721 3655 799 3729 elle.
868 3657 1078 3731 Multorum
1110 3649 1161 3725 est
1191 3643 1278 3750 solus

234 3761 412 3862 gaudere,
436 3757 465 3832 F
468 3777 646 3852 ungorum
675 3775 769 3828 vero
796 3776 929 3828 carere.
980 3753 1116 3828 Muscis
1142 3755 1275 3840 proprla

233 3863 398 3958 colyptra
413 3855 479 3948 est,
502 3855 590 3935 licet
604 3874 681 3934 non
695 3852 787 3928 adeo
802 3851 1012 3934 universalis
1027 3853 1104 3940 hec
1123 3848 1166 3926 sit
1179 3849 1280 4010 effi
