2714 4768
266 227 312 310 ,a
584 201 755 278 monn
784 201 999 292 namen

265 396 397 474 tatem3
423 381 593 475 siquidem
614 387 734 456 totum
759 383 995 456 animantium
1019 403 1146 479 agmen
1164 406 1186 458 e
1203 401 1338 481 regno

264 481 483 578 vegetabili,
521 481 565 553 ad
592 478 701 554 instar
725 482 823 554 cellae
851 481 1029 575 penariae,
1054 480 1152 555 suum
1180 485 1337 576 promit:

265 577 500 664 'alimentum3
526 577 717 672 solidaque
739 579 941 672 plantarum
966 578 1171 675 cognitioni
1198 581 1335 654 omnis

263 679 381 774 probe
417 675 591 749 adornata
627 677 736 749 inniti
773 675 883 748 debet
914 676 1120 750 oeconomia
1153 677 1327 770 privata;

263 777 346 852 Hac
365 773 509 848 ratione
529 773 705 865 indutiis,
730 773 928 848 recentiori
951 795 1054 864 aev0,
1080 773 1217 848 cunetis
1243 775 1327 848 cul-

261 869 372 949 tio'ris
390 870 490 944 orbis
502 872 648 965 populis
671 871 708 944 id
728 893 821 945 curae
842 870 934 962 fuit,
957 885 998 945 ut
1019 871 1231 955 domesticas
1257 893 1328 966 pa·

264 972 342 1045 triae
366 989 457 1062 opes
479 968 541 1041 fibi
569 991 674 1062 quarn
697 968 836 1062 optime
858 965 1058 1063 perspectas
1081 970 1330 1066 cognitosque

264 1069 477 1156 redderent,
503 1087 576 1158 quo
602 1066 744 1140 facilius
762 1065 847 1139 inde
862 1065 1085 1161 deligerent,
1114 1089 1191 1161 quae
1217 1067 1257 1142 in
1279 1087 1330 1142 re

263 1167 426 1254 medica,
453 1165 612 1254 cibaria,
640 1166 702 1237 vel
730 1162 887 1257 opificiis
914 1186 960 1236 ex
990 1163 1052 1238 usu
1076 1164 1144 1238 elle
1169 1179 1329 1259 queant,

262 1287 311 1342 ne
331 1265 375 1337 ab
392 1262 526 1334 exteris
547 1261 787 1355 supplicantes
815 1275 998 1352 emerent,
1026 1281 1104 1354 quae
1125 1263 1222 1358 larga
1242 1285 1328 1338 ma-

263 1384 314 1438 nu
336 1359 446 1456 gratis
471 1358 570 1432 domi
597 1358 718 1432 fundit
739 1359 865 1452 patria.
917 1358 1004 1459 Quo
1022 1359 1153 1434 factum
1177 1359 1250 1454 est,
1276 1371 1328 1436 ut

260 1461 434 1558 pleraque
462 1455 620 1550 Europa
642 1478 753 1552 regna
780 1455 849 1530 luis
870 1456 1050 1552 gaudeant
1072 1459 1220 1552 pulchre
1244 1460 1326 1532 ela·

262 1557 402 1633 boratis
432 1555 562 1642 Finis,
598 1569 676 1646 quae
714 1554 845 1628 incolis
877 1553 1081 1629 indicarent
1112 1556 1323 1648 plantarum

261 1660 415 1750 Species,
450 1651 544 1724 intra
570 1652 721 1744 patriam
752 1651 811 1724 sua
832 1650 961 1746 sponte
986 1653 1197 1745 nascentes,
1224 1655 1323 1728 Loco

257 1752 440 1826 ¹rariorum
462 1750 623 1836 Natalia,
653 1752 763 1830 Solum
782 1749 926 1842 fingulis
940 1760 1079 1844 gratum
1099 1764 1323 1844 aptumque;

262 1848 360 1924 unde
381 1845 522 1940 insuper
550 1845 644 1919 haud
672 1845 782 1920 dubia
807 1845 939 1940 allequi
962 1847 1171 1941 conjectura
1190 1849 1324 1940 liceat,

262 1965 427 2042 quaenam
464 1964 546 2016 cum
579 1941 714 2036 quaestu
749 1943 788 2018 in
816 1945 969 2037 patriam
1006 1943 1150 2020 invecta
1186 1947 1324 2022 colum

261 2046 448 2135 solumque
474 2040 611 2114 ferrent
636 2042 827 2138 peregrina
846 2041 1065 2138 vegetabilia
1089 2042 1232 2116 aelate
1254 2043 1323 2120 hic

261 2144 300 2218 vi
326 2151 439 2215 erent.

301 2164 324 2240 g
362 2237 521 2327 Eorum,
544 2258 623 2329 quae
650 2236 723 2309 hoc
752 2233 848 2328 pall‘u
877 2238 947 2329 iarn
973 2237 1062 2311 olim
1085 2249 1221 2312 tantun
1251 2237 1324 2314 fibi

261 2334 525 2432 prospexerunt
557 2333 818 2420 neceffitatem,
849 2355 1074 2427 nequaquam
1107 2336 1232 2410 ultima
1262 2335 1322 2412 est

262 2430 455 2508 dulcillima
476 2451 557 2502 mea
580 2428 696 2523 patria
717 2429 914 2522 censenda,
939 2433 1073 2526 quippe
1096 2455 1174 2527 quae
1200 2453 1322 2508 nona-

262 2533 363 2628 ginta
380 2527 511 2601 abhinc
529 2526 654 2616 annis,
681 2549 755 2619 quo
773 2539 938 2622 tempore
954 2529 1159 2623 primariam
1174 2531 1212 2604 in
1220 2531 1322 2605 Arte

253 2628 410 2704 'Medica
422 2627 539 2698 lucem
561 2623 692 2697 nostris
706 2626 752 2699 ab
771 2625 845 2697 oris
863 2627 1018 2701 mutuari
1035 2627 1173 2702 neceffe
1186 2627 1321 2704 habuit

261 2725 374 2802 modo
406 2744 482 2797 non
512 2723 631 2796 omnis
663 2721 832 2819 Europa,
865 2746 934 2796 nec
962 2724 1135 2800 incultam
1158 2727 1316 2802 omnino

261 2821 409 2914 reliquit
439 2822 649 2906 Boramcenn
681 2820 848 2894 Seculum
874 2822 1009 2913 loquor
1042 2845 1208 2916 aureum,
1234 2845 1317 2918 quo

262 2921 462 2995 seculorum
487 2917 663 2990 memoria
687 2917 784 3013 digni
803 2917 980 2993 nostrates
995 2921 1177 2996 Barthelr'ni
1192 2919 1318 2995 Medi-

260 3039 387 3097 corum
409 3017 523 3089 totius
546 3015 645 3087 orbis
671 3014 865 3110 Coryphaei
887 3030 994 3110 atque
1014 3018 1196 3113 principes
1217 3019 1318 3094 haud

261 3114 442 3192 immerito
472 3111 737 3202 salutabantur;
774 3111 817 3187 ln
848 3136 967 3187 rerum
992 3114 1135 3189 adhaec
1169 3131 1317 3190 natura-

261 3216 350 3291 lium
371 3211 543 3286 scrutinio
571 3210 784 3284 acutiffimns
809 3225 944 3284 natura
967 3212 1142 3288 universae
1166 3213 1314 3287 &anti-

261 3311 409 3406 quitatis
430 3309 581 3382 Danicae
601 3307 795 3404 indagator
816 3311 871 3386 Ol.
896 3310 1083 3398 Worrrius5
1105 3311 1144 3384 in
1162 3309 1316 3386 Chemia

249 3408 468 3483 ‘eruditione
492 3405 526 3477 &
550 3405 776 3498 experientia
798 3406 889 3480 nulli
912 3406 1086 3484 secundus
1113 3409 1167 3484 Ol.
1194 3409 1318 3484 Borri-

258 3513 374 3592 cln‘us5
400 3504 438 3576 in
454 3502 653 3577 Anatomia
676 3503 826 3595 lynceus
850 3507 968 3589 δίσκος
991 3505 1029 3579 in
1053 3505 1210 3579 Materia
1230 3505 1315 3578 Me·

261 3604 344 3679 dica
367 3600 506 3676 sedulus
530 3604 610 3675 sim.
634 3602 737 3676 Pauli
745 3625 757 3685 ‚·
789 3601 828 3674 in
851 3601 1028 3675 Botaniea
1054 3601 1318 3678 laboriolillimi

246 3703 308 3778 Ῥ.
325 3702 513 3792 Kyllingiur
531 3698 566 3772 δι
585 3695 705 3794 Joacl.
727 3700 911 3794 Burserus,
937 3698 1054 3774 facem
1080 3699 1315 3795 preferentes

262 3797 518 3888 Medicorum,
553 3795 722 3871 familiam
757 3793 960 3884 ducebant3
1001 3812 1044 3872 ut
1072 3798 1247 3893 temporis
1278 3797 1318 3872 dt

261 3895 396 3976 chata
429 3914 559 3991 parcus
597 3895 755 3972 Rhodium
767 3945 782 3986 ‚
824 3894 977 3972 Fulrenrr
1017 3896 1180 3993 aliosque
1216 3894 1317 3972 haud

1175 4013 1344 4090 paucos⁴
