2700 4780
260 283 333 364 480
624 273 952 353 susscRoFA.

119 451 125 470 '
216 516 222 526 .
259 435 727 528 nem'vtditnmstetodami
744 455 921 529 immensae
939 453 1189 546 crallrtudinis',
1216 467 1324 549 atque

261 548 347 622 iude
373 548 463 624 adeo
486 551 774 643 somnolentum,
800 567 842 626 ut
863 555 962 627 illum
987 555 1076 647 saepe
1099 554 1252 628 somnus
1276 555 1325 627 in·

262 645 413 720 vaderet
435 649 494 720 vel
517 649 611 722 inter
636 651 857 726 caenandum.
910 654 1104 725 Vexantur
1129 653 1323 746 horripila-

261 743 448 830 tionibus,
476 745 631 819 instante
657 749 889 842 tempestate3
923 765 1051 823 urente
1079 749 1230 836 bieme,
1266 749 1324 821 sri-

172 905 177 925 „
261 839 560 938 gorerigescunt3
585 865 628 916 ac
640 841 807 920 fervente
822 847 960 940 aestate,
985 846 1114 920 sudore
1130 845 1322 932 diffluum

262 945 419 1012 caveant
445 941 506 1013 srbi
533 963 554 1014 a
577 943 756 1016 violentia
787 945 952 1040 frigoris,
986 945 1094 1018 facile
1117 945 1220 1018 enirn
1248 945 1321 1038 pin·

261 1034 381 1132 guado
398 1037 573 1131 rigescere
589 1041 732 1132 potest,
757 1043 852 1115 unde
872 1045 976 1117 multi
993 1055 1150 1116 mortem
1174 1043 1242 1115 srbi
1266 1043 1317 1114 ad·

262 1134 465 1221 sciverunt3
490 1157 559 1210 nec
574 1139 691 1212 minus
714 1139 951 1230 periculosum
972 1141 1023 1214 est
1044 1141 1139 1229 illis,
1166 1141 1316 1234 primun

263 1233 370 1306 nimis
388 1229 531 1324 sudare,
560 1255 601 1308 ac
626 1236 757 1310 deinde
776 1237 895 1311 statim
913 1237 1139 1336 refrigerari3
1163 1240 1250 1332 plus
1271 1237 1324 1306 vt,

261 1332 377 1421 rium,
402 1354 473 1422 prae
497 1334 700 1408 macilentis
725 1335 762 1410 in
784 1334 946 1412 febribus
972 1339 1171 1429 amittunt,
1199 1337 1315 1412 ciuus·

262 1450 332 1524 que
359 1443 526 1523 pereunt.

704 1565 739 1656 d.
788 1561 870 1638 rm.
993 1533 996 1538 ’
1056 1537 1062 1562 ’

270 1723 274 1736 ·
313 1723 316 1734 ’
358 1700 510 1795 Pinguia
535 1699 574 1772 in
594 1697 716 1772 solidis
742 1697 824 1775 sunt
849 1699 1096 1790 emollientia,
1127 1699 1166 1775 tr
1187 1703 1303 1778 obmu-

261 1799 385 1875 dentia
414 1799 451 1871 in
484 1797 616 1871 fluidis.
680 1797 861 1872 Dulcibus
896 1798 1123 1872 commisceri
1164 1799 1296 1894 possunt

262 1898 466 2004 eralitates
484 1895 676 1968 contrariae
698 1893 780 1968 sunt
796 1895 960 1989 styptica
977 1895 1188 1988 &Amara,
1210 1919 1303 1991 quare

261 1996 389 2074 frustra
417 1994 634 2067 medicinam
658 2015 678 2064 a
702 1993 975 2068 medicamentis
1002 1994 1113 2088 hujus
1135 1997 1305 2090 qualitatis

259 2094 366 2192 petit,
392 2093 453 2184 qui
476 2091 575 2166 limul
591 2091 784 2184 pinguibus
805 2091 973 2164 vescitur.
1024 2092 1194 2188 Pinguia,
1208 2094 1308 2168 &im-

260 2194 386 2289 primis
406 2191 557 2278 lardum,
573 2191 735 2261 omnium
748 2189 935 2264 lentissime
951 2189 1186 2283 transpirant,
1211 2215 1310 2286 quare

261 2293 370 2366 etiam
400 2286 605 2362 Sandorius
636 2287 673 2360 in
702 2286 761 2360 sua
787 2285 934 2376 statica,
972 2310 1118 2364 carnem
1150 2293 1311 2384 agninam

260 2390 381 2464 Lardo
399 2386 570 2480 opponit,
596 2398 638 2457 ut
655 2385 729 2458 duo
743 2384 876 2458 summe
894 2387 1091 2474 contraria,
1117 2388 1183 2460 illa
1197 2403 1305 2480 quate·

259 2511 328 2562 nus
361 2485 544 2574 citislime,
576 2481 648 2556 hoc
674 2505 787 2574 veru,
825 2497 1000 2575 quatenus
1031 2483 1223 2561 tardiffina
1246 2507 1304 2578 per

258 2583 573 2679 transpirationem
602 2582 818 2655 eliminatur.
869 2581 958 2654 Haec
982 2582 1102 2671 ratio,
1129 2583 1209 2658 hac
1229 2603 1302 2658 nor·

258 2683 412 2770 maest,
440 2681 485 2751 ad
509 2702 614 2772 quarn
630 2679 785 2751 Diaetam
812 2679 1186 2774 dirigererdebemus,
1210 2695 1306 2773 atque

258 2780 413 2856 maxime
435 2777 524 2848 scitu
545 2775 759 2863 becellaria,
786 2792 962 2867 quatenus
985 2777 1070 2850 inde
1090 2779 1311 2872 consequens

258 2877 388 2953 sanitas
422 2871 588 2963 corporis
614 2873 723 2943 nobis
755 2873 858 2945 cordi
889 2875 1010 2950 fuerit.
1060 2877 1207 2972 Vulgo,
1236 2877 1311 2952 esus

257 2973 370 3060 lardi,
395 2970 466 3052 stne
490 2967 715 3060 discrimine,
743 2971 780 3044 in
803 2974 971 3046 omnibus
999 2975 1162 3066 morbis,
1187 2975 1310 3062 abiis,

260 3073 457 3167 quiveram
475 3067 552 3159 ejus
570 3067 778 3160 qualitatem
798 3069 980 3164 ignorant,
1002 3071 1234 3164 prohibetur,
1261 3069 1313 3148 sed

260 3175 297 3245 in
317 3169 396 3240 aliis
417 3178 554 3253 nocet,¹
578 3165 618 3238 in
644 3165 723 3238 aliis
744 3168 862 3242 minus
885 3169 979 3261 parit
1005 3170 1171 3262 periculi.
1225 3171 1309 3244 Sub·

259 3267 310 3342 eil
334 3287 426 3338 vero
452 3261 609 3336 ratio'in
635 3262 832 3354 Febribus,
860 3264 988 3338 Scabie
1012 3269 1046 3338 dr
1072 3269 1309 3356 Vulneribus,

256 3364 452 3439 Ulceribus
476 3361 721 3448 cacoethicis,
751 3363 967 3456 corporibus
985 3363 1191 3456 Gangraena
1214 3367 1309 3440 labo

257 3463 442 3549 rantibus,
480 3479 553 3530 cur
581 3456 824 3552 proscribatur
855 3461 1004 3536 lardum.
1073 3461 1117 3536 iu
1151 3463 1308 3538 febribus

255 3550 590 3645 Exanthematicis,
625 3556 850 3651 Phlogisticis
874 3559 909 3630 dc
933 3557 1105 3650 Criticis,
1135 3561 1307 3656 angue&

257 3679 349 3734 cane
376 3657 478 3747 peius
509 3653 739 3749 fugiendum,
771 3655 863 3728 adeo
891 3656 974 3730 utsr
1000 3657 1079 3749 quis
1107 3680 1127 3732 a
1151 3659 1300 3734 febribus

258 3751 605 3842 intermittentibus,
634 3753 816 3827 mediante
844 3754 1026 3828 medicina
1055 3776 1102 3828 ex
1124 3755 1297 3830 amaris&

255 3849 582 3927 corroborantibus
612 3851 750 3943 petita,
789 3851 1046 3941 convaluerit,
1087 3852 1122 3924 dr
1150 3853 1299 3929 vescatru

123 3984 126 3999 ⁴
252 3949 379 4041 lardo,
403 3946 495 4024 nihil
510 3946 584 4040 est,
613 3947 712 4040 quod
727 3949 834 4026 citius
853 3949 992 4050 febrem
1013 3967 1204 4050 provocat
1225 3949 1305 4026 rcci-

1170 4049 1293 4126 divam
