2630 4776
240 283 647 423 ssXANTHEMATA
675 283 821 366 VIVA.
986 283 1057 392 ¹97

15 479 227 562 album,
252 469 313 541 cui
335 467 509 544 Moschus
530 465 804 566 porrigebatur,
829 467 925 544 inm
946 467 1058 550 isium

24 572 146 646 dieram
166 565 322 664 spatium
345 559 448 642 sanus
471 567 593 640 evasit.

287 687 766 820 nvsnnru'nan.

100 877 360 934 orraurnrua
391 855 592 950 epidemica
615 853 762 930 Scabies
789 853 842 931 est
868 855 1057 935 intestino·

13 977 87 1030 rum
106 957 272 1044 interna,
297 967 339 1026 ut
361 975 409 1026 ex
429 951 696 1026 dissehionihua
719 953 954 1046 cadaverum,
978 955 1058 1050 Dy-

12 1055 154 1126 scnteria
177 1051 457 1140 desbnsiorum,
482 1061 605 1144 pateta
637 1049 732 1124 banc
755 1073 821 1146 per
850 1049 997 1128 secessus
1023 1055 1060 1130 aa

11 1151 147 1224 cloacas
165 1169 381 1224 cornrnunes
406 1147 618 1260 propagari,
643 1169 690 1220 ne
711 1149 804 1222 ullus
827 1147 971 1244 quidem
984 1173 1059 1226 me-

11 1247 133 1320 dicinae
155 1247 298 1340 peritus
321 1243 482 1340 ambigit.
534 1242 718 1318 Medicum
742 1245 909 1340 Damon,
942 1249 1059 1344 priori

13 1341 124 1418 senso
146 1341 423 1438 Hessrngburgi,
447 1337 664 1434 Dysenteria
692 1341 816 1437 sapius
835 1361 1063 1444 correptum,

16 1455 149 1514 excreta
169 1439 233 1514 sua
252 1439 377 1513 alvina
400 1437 599 1512 observasse
619 1437 717 1512 vivis
735 1441 889 1531 referta,
912 1443 977 1516 vix
992 1447 1061 1516 ob·

22 1537 170 1612 servabili
203 1549 311 1610 motu
337 1533 372 1610 se
398 1537 638 1631 agitantibus,
665 1535 824 1626 insectis,
850 1539 1061 1618 umbribus

19 1653 136 1710 narrat.
191 1637 282 1738 Quo
299 1635 385 1708 loco
402 1632 510 1708 nobis
524 1655 598 1706 non
617 1630 669 1706 est
683 1635 929 1726 praetereunda
940 1636 1062 1712 obser-

19 1733 123 1824 vao'o,
145 1753 225 1808 reru
241 1732 397 1804 maxime
411 1727 599 1804 illustrans.
690 1745 819 1806 uatuor
844 1733 977 1808 abhinc
998 1757 1061 1812 an·

17 1834 69 1906 nis
90 1830 200 1904 Dorn.
219 1831 381 1902 Rasarvler
403 1826 441 1902 in
461 1827 594 1900 aedibus
615 1825 666 1900 N.
725 1829 901 1906 .Praesrdis
924 1833 1061 1908 enutri·

18 1947 92 2020 uas,
113 1925 337 2042 llyscntcria
365 1923 620 2010 infestabatur,
644 1923 924 2042 Rhabarbarinis
945 1929 1060 2042 &iffa-

15 2023 1062 2229 bgsfflirlb‘llsssffhhallisistis}

20 2219 103 2292 osto
129 2241 217 2292 vcro
247 2219 329 2292 asiis
364 2217 489 2290 diebus
523 2215 715 2310 protentis
744 2215 960 2308 Dyseuteria
990 2231 1064 2296 ter.

24 2319 109 2390 tiurn
124 2315 336 2410 corripitur:
361 2315 398 2388 in
420 2313 568 2388 caussam
586 2313 687 2386 ornni
714 2309 832 2386 studio
854 2312 891 2388 in
918 2315 1063 2412 uiritur,

21 2437 94 2490 non
109 2435 192 2488 vero
206 2411 413 2500 invenitur3
438 2433 545 2506 quum
565 2431 656 2506 aeger
670 2409 792 2484 cadero
809 2337 941 2502 nenia,
961 2413 1063 2488 vitu·

17 2537 83 2606 que
96 2533 228 2604 genere
247 2531 330 2584 curu
349 2507 642 2584 cohabitantibus
661 2507 751 2580 sanis
770 2509 959 2586 frueretur.
992 2511 1063 2586 sta·

18 2633 83 2700 que
110 2609 160 2681 N.
191 2605 241 2680 D.
269 2605 398 2680 Praesea
428 2627 547 2700 aegro,
581 2604 850 2700 Entornologiae
881 2606 1063 2704 precipue

17 2705 191 2796 studioso,
215 2718 364 2778 excreta
380 2701 501 2776 suadet
523 2701 689 2792 scrutari,
714 2723 787 2796 quo
806 2703 940 2780 certius
956 2705 1063 2800 adpa-

17 2818 125 2893 reret,
147 2815 272 2876 utrmn
292 2801 399 2874 allata
414 2799 613 2874 Bartholini
631 2797 839 2877 observatio
863 2773 1078 2902 obtineret!

19 2923 150 2975 necne
206 2897 292 2972 Hoc
308 2895 424 2988 iasio,
451 2897 488 2970 in
509 2896 604 2972 hisce
623 2897 802 2990 myriades
829 2899 1064 2976 animalculo-

17 3022 86 3072 nnn
100 2998 135 3074 s'e
151 2993 306 3083 vidisse,
331 3017 481 3090 quaeque
495 3005 659 3067 accurate
678 2993 866 3090 descripta,
891 2995 1064 3074 essehca·

14 3119 89 3186 ros,
117 3095 155 3170 sic
180 3091 310 3168 Aearis
335 3091 477 3186 quidem
503 3091 799 3184 formonsus,
834 3113 927 3188 aeger
948 3095 1065 3184 dixit,

15 3193 163 3268 transm
184 3211 277 3264 vero
294 3211 371 3264 non
392 3211 501 3262 nemo
527 3187 565 3264 in
586 3202 711 3282 potum
734 3189 947 3264 nocturnum
974 3213 1065 3284 con·

19 3291 181 3379 liciebat:
216 3287 277 3362 sed
306 3308 424 3379 neque
448 3287 524 3361 haec
552 3287 631 3360 aliis
655 3285 847 3360 videbatur
876 3284 1074 3364 sufficiens.

14 3387 107 3462 Inter
140 3383 326 3459 edendum
352 3383 479 3459 bibere
509 3383 666 3458 insuetus
696 3395 792 3458 erat:
821 3381 932 3460 nusiu
956 3385 1066 3482 igitur

14 3485 62 3560 iti
82 3479 224 3580 pressus
240 3503 261 3554 e
275 3484 436 3576 poculo,
461 3503 507 3556 ex
526 3483 625 3577 ligno
648 3479 857 3575 iuniperino
879 3481 1065 3576 consesio,

16 3597 139 3674 potum
169 3579 261 3674 saepe
283 3579 473 3654 hauriebat
497 3575 752 3664 tenuissimum
783 3597 848 3650 vas
870 3578 987 3654 hocce
1010 3581 1066 3656 io·

19 3679 245 3774 cospiciens,
268 3677 443 3752 lineolam
460 3675 554 3770 quasa
571 3675 800 3765 albicantem,
824 3676 941 3750 oculis
960 3677 1086 3752 nudis·

20 3779 75 3848 vix
100 3771 360 3868 conspicuam,
390 3773 486 3850 inter
507 3771 684 3848 costarum
710 3773 818 3848 rimas
841 3775 1067 3866 reperiebata

22 3873 161 3946 anatis
190 3893 282 3944 vero
307 3867 537 3964 observavit,
571 3893 679 3944 omne
707 3869 779 3944 hoc
808 3869 964 3946 albidum
990 3891 1069 3946 non

24 3966 349 4143 abragqesl'upquam
366 3969 574 4045 innumeros
589 3961 743 4138 Agaros,
767 3965 802 4042 bt
818 3969 977 4063 ejsudem
989 3965 1071 4138 gui·

16 4101 18 4154 l
116 4092 184 4144 om·
237 4119 246 4138 ·
1014 4083 1072 4139 em
