2630 4776
72 263 462 388 mammarium
490 263 919 348 rnulnnroaunr.
953 291 1024 366 115

25 451 125 526 tunica
134 449 358 524 continentes
379 451 492 526 latere
510 447 827 542 Cotyledoncs,&
847 449 941 524 intra
960 449 1023 526 has

28 551 114 641 planta
134 547 394 640 compendium.
458 543 678 640 Incipiamus
709 547 752 620 ab
780 547 1022 621 evidentiori·

34 647 85 732 lu,
101 667 125 717 c.
140 665 167 740 g.
192 643 367 719 sumamus
389 643 508 718 semen
522 645 884 740 NympdaeaeNclumio
905 645 1021 736 disits,

34 741 187 815 talentis
217 742 377 816 claustris
405 743 610 816 videbimus
642 741 838 834 plantulam
871 743 1022 836 petiolis

28 839 143 932 foliisque
163 840 304 936 peltatis
330 839 560 930 instruslam,
587 835 638 912 ita
668 840 836 914 omnibus
862 841 1023 916 numeris

24 935 180 1028 periodon,
207 951 250 1012 ut
269 939 393 1032 quivis
419 938 618 1014 Botanicus
643 935 815 1012 facillime
837 936 1025 1034 dignoscat

24 1035 132 1126 planum
148 1035 247 1128 ipius
268 1035 412 1110 semlais
430 1057 451 1108 a
470 1037 620 1130 reliquis
637 1036 828 1126 omnibus3
852 1035 939 1130 quid
958 1037 1024 1112 ita·

24 1153 70 1218 quc
94 1133 218 1222 mirum,
260 1133 358 1226 quod
387 1131 463 1208 fito
495 1133 629 1206 semine
664 1131 847 1208 excrescat
884 1135 1022 1228 planta,

24 1249 73 1318 qna
85 1229 210 1303 latuerat
224 1247 330 1305 antea
348 1231 457 1326 plane
473 1230 630 1328 perseus
652 1231 748 1305 intra
761 1229 859 1306 suum
878 1229 1024 1308 sernenl

24 1325 78 1416 quis
99 1329 285 1422 concipiat,
325 1329 426 1424 qarod
454 1351 499 1404 ex
535 1329 610 1402 sato
639 1329 756 1404 hocce
788 1327 923 1404 semine
954 1331 1025 1406 alia
1077 1385 1109 1452 ,

27 1423 118 1496 oriann
133 1425 270 1518 planta,
294 1449 400 1521 quam
423 1449 503 1522 quae
529 1427 648 1500 suerat
674 1427 767 1501 intra
792 1425 932 1518 semen,
959 1427 1026 1503 nifi

32 1539 116 1592 noun
142 1525 358 1599 creationem
391 1525 429 1599 in
465 1525 528 1600 suo
560 1526 713 1599 cerebro
745 1523 886 1620 fingat?
933 1523 1027 1600 Nux

30 1619 148 1712 anrgdali
170 1621 203 1694 in
220 1622 451 1696 ollaseratur
473 1623 505 1694 dc
529 1645 620 1716 aqtca
642 1622 840 1711 irroretur,
865 1619 1026 1698 dehiscet

29 1713 94 1786 lrcti
115 1721 272 1810 nucleus,
304 1720 469 1816 prodibit
493 1721 529 1794 in
561 1719 720 1812 apricum
748 1723 929 1810 ramulus,
962 1721 1025 1815 qui

28 1809 288 1890 doucorculum
311 1817 475 1908 seminis,
500 1817 643 1890 uidebis
665 1815 846 1910 squamas,
876 1841 922 1893 ex
945 1819 1025 1912 qui·

29 1907 235 1990 luscucuum
265 1915 574 2006 constituebatur,
599 1915 813 1990 tumidiores
835 1915 946 1990 fastas
963 1940 1025 1992 ex·

28 2003 111 2094 plicari
132 2011 160 2084 in
179 2011 284 2086 Folia
311 2014 346 2086 oc
369 2011 540 2100 Caulcm,
569 2013 716 2086 inloto
741 2013 910 2086 calidiori
939 2037 1025 2106 pro·

30 2109 160 2191 peruead
180 2125 313 2186 metam
336 2111 574 2184 &terminari
603 2131 763 2204 gemma,
798 2109 910 2184 futuri
938 2111 1025 2186 anni

32 2205 205 2296 conpendi03
230 2211 334 2282 calor
351 2229 442 2282 vcro
456 2229 533 2282 non
551 2206 740 2280 remittens
763 2209 938 2302 propellit
956 2229 1026 2282 nec

36 2294 232 2396 lnitncram3
271 2307 415 2398 cogitur
443 2327 544 2380 nova
572 2325 731 2400 gemma,
766 2303 859 2398 quasi
891 2307 1025 2382 volens

33 2391 131 2486 nolens,
151 2401 212 2478 sese
231 2406 414 2498 explicare
432 2403 500 2476 hac
517 2403 640 2479 eadem
658 2402 800 2491 aestate,
824 2401 862 2478 in
883 2425 1026 2480 novum

31 2491 177 2589 oulcn').
225 2499 295 2576 Cui
319 2501 405 2578 inde
427 2523 504 2576 non
525 2499 633 2575 sacile
654 2501 819 2590 constat,
844 2501 943 2594 quod
966 2515 1024 2578 to·

30 2595 67 2692 tus
83 2589 123 2666 hic
141 2601 246 2672 caulis
271 2599 425 2674 duorum
451 2620 627 2672 annorum
658 2599 844 2672 unitorum
869 2601 1026 2678 latuerat

32 2697 92 2758 rnna
111 2714 202 2770 ovum
229 2697 303 2770 slve
337 2697 433 2772 sunm
463 2695 604 2786 semen,
634 2695 696 2770 sub
720 2695 869 2772 minima
894 2699 1025 2786 molet

33 2783 175 2876 leludaus
193 2795 335 2890 quidem
360 2797 491 2890 Apella
509 2795 674 2869 crederet
694 2795 799 2868 aliam
816 2795 905 2870 oriri
924 2799 1024 2890 plan·

34 2887 77 2952 itu
96 2908 128 2960 er
156 2913 246 2966 nuce
279 2893 482 2988 amygdali,
521 2913 627 2986 quam
659 2915 737 2986 quae
774 2893 870 2968 intra
905 2893 1025 2970 semen

32 2991 96 3054 ulca
113 2987 273 3082 latuerat,
301 3015 451 3086 quoque
476 2989 726 3064 necessario&
752 3013 797 3066 ex
816 2992 1026 3066 mortalium

31 3079 139 3156 annium
157 3087 321 3164 fidiffimis
348 3089 666 3162 observationibus
686 3087 821 3182 semper
840 3088 910 3162 erit
930 3087 1024 3162 adeo

32 3167 230 3276 imilisnatri,
259 3209 302 3260 ac
325 3207 483 3284 unquam
505 3188 663 3261 ramulus
682 3185 863 3261 mediante
885 3207 1026 3282 gemm

33 3287 125 3346 trano
144 3279 199 3354 suo
221 3299 362 3358 enatus.
424 3285 537 3358 Nulla
563 3283 635 3379 lam
665 3305 767 3358 nova
791 3283 843 3358 eil
870 3283 1025 3376 creatio,

33 3359 133 3446 lcdvio
151 3383 381 3472 continuata,
405 3405 474 3458 nce
495 3385 615 3477 plures
636 3379 771 3476 species
795 3381 907 3458 hodie
930 3377 1025 3474 sunt,

34 3477 96 3548 pm
115 3493 179 3564 qua
194 3477 295 3554 suere
321 3481 515 3574 quondam.
566 3477 603 3552 Si
627 3480 749 3572 itaque
773 3479 894 3556 omnis
917 3501 1025 3578 gene·

35 3561 90 3634 catio
110 3571 206 3650 vitam
230 3589 371 3652 tantum
397 3579 612 3664 continuat,
639 3573 797 3669 sequitur
823 3579 956 3673 etiam,
983 3591 1026 3654 ut

36 3649 117 3753 iopila
137 3674 315 3764 perfistant
341 3676 438 3751 intra
461 3675 557 3751 suam
582 3673 748 3771 speciem.

487 3817 569 3896 iic
864 3821 899 3912 §.
922 3813 1024 3890 XIII.
1172 3845 1176 3852 ·

39 3967 279 4016 Ν...
506 3997 1029 4042 ...μμ-...-

66 4053 91 4134 'l
107 4059 197 4150 Plias,
219 4039 329 4142 nasi.
343 4087 416 4156 301.
