2768 4768
287 232 525 370 ‚inanis
548 239 881 368 uasntrausts'.
990 271 999 284 ’
1101 267 1146 340 21
1201 273 1217 310 ·

141 463 145 468 ·
182 441 431 518 Medicinam
453 444 730 540 Ampbbrniaam
755 440 1011 534 nominarunt,
1041 391 1144 534 cuius

93 541 294 638 paroxysmi
315 538 478 634 qualibet
496 541 554 614 die
575 531 748 614 redeunt:
780 539 936 614 Tritaeum
957 539 1058 630 cujus
1082 559 1143 630 pa·

90 638 248 733 roxysini
271 637 419 718 alternis
436 635 563 712 diebus
585 649 798 728 recurrunt,
822 635 856 709 dr
885 635 1142 730 Tnarroplymu,

84 740 191 830 cujus
208 737 364 812 accessus
387 748 514 830 quarta
536 735 664 830 quavis
684 736 973 826 luce,repetunt;
997 732 1053 806 his
1070 731 1142 808 Hi-

80 841 273 910 adtritaeum
294 833 558 926 adjunxerunt,
584 831 674 906 sicut
693 831 867 926 singrrlare
891 829 1071 924 quoddam
1084 847 1142 924 ge-

83 952 177 1026 nus,
203 933 377 1026 quoniam
394 931 542 1004 alternis
564 929 691 1004 diebus
712 929 858 1026 gravium
882 927 1123 1039 intendim

429 1103 785 1184 ,sanctas

180 1223 254 1296 llic
268 1224 419 1298 morbus
434 1223 628 1320 presertim
645 1219 790 1298 ratione
811 1222 890 1317 typi
908 1223 952 1296 ab
971 1225 1140 1301 omnibus
1273 1259 1274 1264 Ν

81 1318 165 1394 aliis
177 1320 228 1392 ita
240 1321 385 1414 differt,
409 1334 450 1396 ut
464 1323 541 1414 ejus
556 1315 733 1416 diagnosrs
746 1322 789 1407 sit
800 1320 992 1407 facillima,
1016 1321 1141 1396 indole

83 1415 287 1512 perspesla3
318 1419 386 1492 hac
415 1441 508 1494 vero
537 1420 724 1513 ignorata,
761 1417 893 1492 evadat
917 1415 1139 1512 difficillima,

84 1515 257 1608 quoniam
284 1529 413 1609 typum
442 1539 519 1592 non
545 1517 686 1590 servare
714 1516 880 1608 videtur,
909 1529 1140 1592 cantamen

80 1613 126 1686 sit
146 1613 302 1688 maxime
319 1615 503 1709 regularis.
552 1613 681 1708 Typus
700 1614 760 1688 hic
782 1611 854 1700 est,
882 1612 982 1706 quod
1005 1615 1139 1706 quovis

34 1787 44 1796 ,
79 1708 142 1782 die
172 1711 382 1804 plerumque
408 1713 480 1808 post
509 1715 671 1786 meridiem
701 1717 777 1786 lora
811 1718 908 1786 tutia
939 1724 1139 1806 autquarta

77 1809 342 1901 exacerbetur,
375 1807 409 1882 ἃ
428 1823 579 1904 repente
601 1809 752 1882 invadat
770 1829 851 1882 cum
870 1809 1136 1901 inquietudine,

76 1903 185 2000 pulsu
215 1906 448 1998 vehementi,
486 1909 637 2000 aliisque
670 1903 970 2001 symptomatibus
1006 1907 1138 1982 febrim

78 2002 365 2095 comitantibus,
395 2005 530 2098 absque
553 2003 689 2100 frigore
717 2005 781 2078 nisi
808 2001 981 2078 teviffimo
1005 2003 1136 2100 digito-

76 2122 160 2174 rum
181 2099 217 2172 dr
238 2101 309 2175 nair
335 2101 536 2194 interdum,
565 2101 808 2176 deindevero
836 2100 918 2194 post
947 2100 1054 2175 trium
1074 2117 1137 2194 aut

79 2211 243 2290 quatuorv
263 2197 435 2272 horarum
452 2198 601 2294 spatium
622 2199 699 2272 iere
725 2197 936 2288 evanescat,
959 2211 1001 2270 ut
1025 2199 1135 2274 febris

80 2294 148 2368 vix
164 2295 204 2369 sit
216 2287 474 2388 manifesta*)‚
493 2295 658 2390 quamvis
670 2318 763 2392 ager
778 2297 959 2392 langueat,
985 2295 1042 2368 sed
1055 2319 1135 2372 ver·

76 2391 135 2466 sus
153 2397 286 2468 medina
307 2397 423 2468 noilarr
446 2395 601 2468 lente&
624 2393 818 2488 inopinato
846 2392 1074 2487 intendatur,
1101 2395 1136 2471 dt

74 2489 161 2584 post
183 2513 264 2566 eam
287 2491 326 2566 in
347 2491 515 2566 summam
539 2493 807 2566 vehementiam
829 2489 1031 2582 excrescat,
1056 2505 1134 2567 tan-

73 2587 159 2662 dem
187 2589 286 2664 circa
313 2604 435 2685 tenipus
463 2598 658 2664 mutatinum
687 2612 769 2663 cum
800 2588 914 2662 udore
946 2588 1134 2664 remittens

74 2707 209 2782 aegrum
228 2686 420 2760 admodum
438 2686 665 2761 debilitatum
682 2687 881 2780 relinquat:
906 2687 978 2760 hoc
996 2687 1032 2760 in
1053 2685 1135 2763 casu

72 2779 229 2875 speciem
254 2785 364 2858 febris
390 2787 574 2863 continuae
596 2807 678 2858 cum
702 2783 914 2878 quotidiana
934 2783 1130 2879 duplicata,

71 2880 437 2974 autAmphimerinae
455 2882 608 2977 duplicis
629 2882 776 2977 prabet.
828 2879 897 2954 Sed
922 2882 994 2954 alio
1020 2883 1130 2958 etiam

70 2977 175 3073 figno
206 2977 380 3052 essentiali
414 2981 588 3056 notabilis
618 2980 691 3071 est,
720 2978 891 3052 nimirum
924 2979 1021 3072 quod
1049 2995 1134 3055 ante

69 3075 263 3149 meridiem
270 3081 403 3150 alternis
415 3081 537 3166 diebus,
559 3075 790 3172 paroxysmo,
806 3075 867 3170 qui
884 3075 991 3150 noste
1008 3097 1132 3172 regna·

69 3173 152 3265 vit,
178 3173 255 3246 fere
280 3172 508 3264 exstinsio&
531 3175 707 3272 opinante
736 3195 854 3286 agro,
879 3186 1021 3268 tempus
1046 3175 1133 3248 cibo

67 3270 104 3343 sc
128 3268 343 3362 reficiendi,
375 3285 438 3346 aut
465 3275 596 3348 morbo
626 3272 795 3348 remediis
826 3271 976 3345 obviam
1006 3271 1132 3366 eundi,

64 3367 133 3442 sibi
151 3368 358 3442 concessum
376 3369 466 3460 elle,
492 3371 583 3464 saepe
603 3371 701 3445 circa
723 3377 831 3445 lorum
855 3371 1005 3444 decimam
1033 3393 1065 3444 a.
1083 3394 1131 3448 m.

64 3464 201 3538 horror
224 3467 319 3540 levis
341 3477 383 3541 ut
398 3467 435 3542 in
451 3468 678 3639 Quotidlgana
701 3469 762 3542 vel
779 3465 955 3540 Tertiana
973 3467 1130 3639 benigna

638 3587 656 3660 3
991 3589 1050 3638 eru
1084 3582 1116 3639 rt

103 3727 148 3812 ¹)
167 3743 366 3792 nonoustur
392 3735 421 3792 in
445 3735 507 3794 uit:
546 3736 635 3820 Typus
660 3737 868 3802 imitatione
893 3738 942 3801 isa
955 3731 994 3810 Ji
1015 3705 1131 3798 imber.²
1382 3781 1383 3810 ,

66 3807 200 3892 Singulis
224 3748 501 3893 sieburaccaefflqones
522 3815 684 3892 inuam,
705 3815 762 3896 sed
777 3837 834 3880 uno·
853 3811 900 3878 die
914 3813 1013 3896 febris
1036 3818 1130 3897 magis
1268 3873 1270 3878 ,
1382 3869 1383 3884 ,

63 3887 242 3968 molestis,
266 3889 445 3972 reduplicato
463 3895 552 3956 etiam
575 3893 715 3972 herrm,
738 3896 833 3962 altero
861 3897 1059 3960 edominar-
1075 3891 1128 3974 est.

61 3969 196 4035 Morsus
212 3967 317 4056 largus
330 3967 565 4056 elspericukso.
612 3973 1103 4072 mnrrrcuuspucouelqsoru-
