2714 4768
165 229 168 238 ¹
195 215 216 296 8
510 193 678 292 MORB'I
692 191 940 286 '‘'crn‘sstct

195 390 258 488 qui
279 388 348 464 hac
374 384 447 482 ipsa
471 386 615 482 prorsus
648 385 902 464 destituuntur.
955 387 1074 496 Quam
1104 401 1257 484 propter

195 487 371 579 caulium,
397 503 549 560 menon
569 495 744 560 monente
754 519 771 577 ,·
794 488 914 582 quivis
931 487 1050 560 stetini
1070 488 1257 584 lntelligit,

194 589 370 680 impetum
391 583 499 657 maris
520 585 553 657 ἃ
571 597 769 659 ventorum
784 584 1058 678 sustinentibus,
1083 587 1145 659 ubi
1168 609 1258 660 con·

194 687 303 760 tinuo
323 683 533 788 detinentur
557 681 706 772 labore,
732 682 918 780 salptarem
942 683 1030 756 lardi
1053 683 1151 757 usum
1173 683 1255 778 elle,

197 805 280 860 oum
304 782 402 864 vires
425 793 555 862 contra
579 779 613 852 &
634 781 885 874 valetudinem
905 803 1031 860 eorum
1054 782 1150 856 idem
1179 782 1256 856 cito

196 879 422 980 prosternit,
458 879 519 972 qui
550 877 762 952 malacia&
787 893 959 973 portuum
995 880 1259 972 tranquillitate

197 981 379 1056 fruuntur.
429 975 765 1071 Transpirationem
789 976 923 1070 quippe
949 977 1122 1072 impedit,
1138 977 1262 1070 fibras,

195 1080 316 1166 laxat,
342 1095 546 1168 corpusque
569 1073 614 1145 ad
642 1074 892 1150 attrattionem
916 1074 1160 1169 pronisfimum
1178 1075 1262 1159 red·¹

196 1175 275 1265 dit,
311 1172 406 1248 unde
432 1171 605 1258 etiamad
625 1172 744 1269 febres
770 1173 1052 1254 intermittentes
1077 1173 1119 1262 tr,
1135 1172 1262 1254 remit,

197 1284 320 1348 tentes
337 1269 587 1366 proclivibus,
611 1270 809 1343 nocentior
825 1272 943 1343 nullus
960 1270 1062 1344 cibus
1077 1273 1156 1362 iure
1174 1273 1261 1357 ceni

199 1371 309 1448 setur.
361 1366 473 1472 Quod
491 1367 513 1442 fi
532 1391 552 1446 e
570 1367 672 1440 febre
689 1381 863 1462 quartana
878 1367 1161 1458 convalescenti,
1183 1361 1263 1455 sucu¹

199 1467 305 1544 cidiae
336 1467 432 1541 esum
467 1466 677 1559 permittas,
713 1466 806 1558 quin
834 1466 1066 1561 profligatum
1098 1466 1135 1540 in
1160 1487 1263 1538 mor-

200 1567 288 1648 bum
313 1566 434 1640 denuo
466 1564 695 1658 implicetur,
727 1562 952 1656 experientia
980 1564 1093 1638 toties
1124 1563 1262 1656 edodi,

197 1663 292 1748 ¹nulli
320 1658 537 1735 dubitamus.
587 1659 629 1734 In
656 1655 831 1754 omnibns·
847 1661 995 1756 morbis
1026 1660 1264 1756 contagiosis,

200 1759 342 1836 lardum
362 1755 624 1848 noxiumelse,
654 1775 859 1854 corpusque
880 1758 1041 1850 nostrum
1064 1760 1143 1852 plus
1163 1760 1264 1836 cete·

200 1859 254 1934 ris
272 1859 546 1952 quibuscunque
575 1854 619 1929 ad
645 1855 895 1932 attrahendum
916 1857 1129 1951 contagium
1142 1855 1264 1949 dispo,

203 1977 292 2034 nere
317 1953 639 2048 deprehendimus,
669 1967 711 2028 ut
740 1952 849 2030 etiam
875 1951 992 2030 scabie
1023 1952 1147 2028 insciti
1176 1974 1265 2048 aug·

202 2065 367 2128 mentum
386 2050 469 2124 inde
489 2051 573 2124 mali
595 2049 647 2124 sui
673 2047 904 2148 persentiant.
954 2047 1087 2145 Neque
1110 2049 1266 2124 historia

200 2173 276 2226 nos
294 2149 616 2244 medicajgnorare
626 2147 897 2228 tribuendos
918 2147 1111 2240 aliquando
1131 2146 1265 2239 vespil-

200 2251 312 2326 lones
332 2271 382 2322 eo
395 2247 631 2346 immanitatis
649 2245 868 2338 prqcellille,
882 2261 935 2318 ut
953 2245 1171 2341 sepimentum
1191 2247 1265 2319 lar-

205 2349 265 2438 di,
290 2347 346 2419 ori
368 2343 469 2437 pelle
486 2344 759 2438 agonizantium
774 2343 962 2418 admotum
976 2343 1188 2439 faenumque
1206 2341 1265 2416 ina

198 2443 342 2518 clusum
365 2441 458 2532 inis,
475 2440 594 2514 {instar
616 2440 764 2512 amuleti
779 2440 1036 2530 vendiderint,
1058 2461 1150 2533 quos
1173 2461 1266 2513 con-

208 2539 620 2628 taminarevoltlerunt.
671 2537 740 2609 Sed
768 2560 882 2627 vero,
905 2547 1141 2632 praetelquam
1163 2537 1268 2632 quod

199 2659 338 2736 ¹omnes
354 2635 628 2730 excretionesllt
646 2635 810 2728 inprimis
822 2635 942 2711 transf
961 2627 1168 2726 irationem,
1192 2635 1267 2722 lar-‚

209 2737 309 2824 dum,
329 2731 893 2827 reprimat&,idcireotcor‘buto
957 2731 1268 2826 aliosvehe'men·

206 2845 267 2908 ter
282 2844 443 2920 noceat,
458 2851 463 2900 ;
477 2829 598 2904 tardes
626 2831 734 2904 etiam
756 2831 796 2902 δι.
804 2829 1000 2908 cruditates
1015 2830 1057 2904 in
1071 2831 1188 2922 prima
1210 2829 1267 2902 di·

200 2929 390 3044 'gestionis
406 2927 563 3001 officina·
578 2926 771 3024 relinquit,
797 2927 893 2999 unde
914 2937 1059 3000 ranobr¹
1072 2928 1269 3002 humorum

199 3028 265 3102 ‘rbi
287 3023 848 3114 obviortint¹,·''fibrarurn'laxatio
865 3024 899 3098 a
914 3021 1141 3114 debilitatio,
1166 3023 1269 3096 unde

211 3139 382 3218 tanquam
405 3122 519 3211 cnidii
543 3122 643 3218 trigae
665 3123 875 3200 morborum
897 3144 916 3196 a
938 3119 1046 3196 nobis
1068 3115 1268 3218 descriptoss

169 3246 314 3324 stum,
344 3217 576 3316 jeuehaberi
609 3215 764 3312 poten,
796 3217 911 3318 ‚Quod
939 3221 1021 3292 cum
1051 3220 1102 3294 ita
1127 3219 1190 3310 fit,
1225 3219 1269 3294 in

213 3318 318 3395 clalse
334 3321 616 3411 ejusmonquam
635 3315 715 3390 usus
736 3316 875 3400 admitti
898 3315 1065 3406 deberet,
1091 3316 1154 3390 nisi
1172 3315 1270 3390 sanis

199 3417 333 3494 nautis
359 3417 454 3488 inter
473 3413 599 3487 liutius
612 3413 814 3508 astumque
835 3413 946 3518 maris
967 3434 1079 3508 opere
1098 3413 1162 3486 suo
1184 3435 1268 3506 per·

201 3501 466 3612 iungentibus?
505 3510 517 3544 '²
782 3531 786 3546 ·
835 3518 852 3548 ·'
1051 3537 1054 3547 ·

308 3595 437 3684 Mi'ra's'i
454 3631 541 3704 ergo
558 3598 634 3684 n'on
652 3605 849 3707 optinebit,
874 3597 1071 3696 infelici‘orl
1082 3601 1271 3682 'nostiates

212 3709 292 3786 fato
316 3705 451 3802 prellos
469 3693 592 3792 surde,
616 3703 769 3798 quodie
789 3719 899 3796 portu
917 3701 1055 3794 tantum¹
1078 3727 1155 3780 non
1180 3705 1270 3778 lem-

213 3806 335 3906 per&
363 3805 446 3878 otio
468 3803 737 3900 segnesccrentn.
755 3803 957 3906 „Quoniam
985 3823 1100 3893 vero,
1128 3803 1182 3876 uti
1207 3801 1271 3876 sae.

200 3906 295 4003 pius
315 3897 623 3996 diximus3'libras
639 3899 970 3994 rosiliscmporis,
992 3899 1131 3976 lardum
1150 3900 1273 3976 laxio-

1138 4031 1150 4056 ·
1177 4055 1180 4060 Α
1207 4019 1270 4072 res
