2626 4804
153 243 187 259 ''
280 249 353 330 350
451 167 453 172 Ι
511 219 779 309 ANIMALlA
804 215 1119 298 composuit

201 407 234 464 θ
277 423 392 486 tatem
422 424 503 480 cum
529 401 669 475 caeteris
698 401 906 490 vermibus,
932 397 1063 492 quibus
1091 399 1298 480 inclementi

276 505 454 594 humido,
489 501 550 574 ubi
586 499 707 574 omnis
742 496 784 572 fit
817 498 1029 594 generati0,
1065 502 1239 594 competit
1268 505 1298 580 ui

275 599 568 698 redintegrandi,
595 599 775 690 maiorem·
790 599 899 672 etiam
921 595 1056 671 ibidem
1078 601 1298 694 conpofitiou'

276 703 346 780 suae
372 693 687 796 opportunitatem
712 692 979 802 nsnciscuntur.
1225 707 1230 714 ·

379 887 741 980 LITHOPHVTA,
767 887 927 964 corallia
943 888 1062 985 ‚vulgo
1082 905 1228 986 uocata,
1248 915 1298 970 cun

278 992 488 1082 Testaceis,
525 989 572 1066 ad
599 1011 678 1082 quaa
701 987 869 1083 proxime
893 985 1106 1080 accedunt,
1139 987 1211 1064 hoc
1235 1013 1298 1064 con·

276 1115 387 1170 mune
404 1091 566 1181 habent,
592 1084 690 1188 quod
704 1084 811 1164 testas
828 1083 890 1160 fibi
910 1086 1047 1160 saciant
1062 1089 1242 1178 calcarias,
1260 1087 1298 1164 sm

276 1193 368 1270 licet
394 1189 529 1284 singula
554 1185 690 1289 modo,
727 1173 964 1286 preterquam
990 1183 1090 1278 quod
1116 1189 1203 1259 loco
1225 1188 1293 1266 etim

275 1291 340 1368 suo
372 1283 537 1384 figantur.
585 1276 793 1382 ‘Exiguum
823 1304 946 1356 earum
978 1283 1136 1376 animal,
1172 1283 1287 1360 funiulu

275 1383 475 1464 umbilicali
505 1380 710 1478 alligatum,
736 1378 798 1453 sub
820 1379 853 1454 u
879 1379 976 1452 circa
1002 1377 1036 1452 se
1062 1379 1204 1457 firmam
1230 1383 1290 1458 sirit

277 1485 430 1561 crustam
448 1481 661 1570 calcariam,
686 1478 781 1552 intra
804 1499 908 1572 quam
928 1476 962 1552 se
980 1477 1112 1552 condit
1129 1480 1294 1574 adquiescit·

276 1607 358 1677 que.
423 1581 504 1654 Hos
529 1578 573 1650 ad
602 1579 714 1650 latera
742 1576 1051 1662 &extremitates
1083 1601 1203 1652 novas
1225 1579 1297 1673 ponit

202 1757 207 1768 ,
234 1748 237 1758 ,
275 1701 432 1778 gemmas
449 1679 523 1752 five
540 1671 736 1770 processus,
761 1675 821 1766 qui
840 1689 1003 1748 naturam
1021 1678 1150 1750 matris
1170 1675 1296 1764 induunt,

275 1800 319 1852 ac
350 1776 477 1871 singuli
510 1773 635 1848 domui
668 1773 793 1846 matris
828 1769 905 1846 suas
939 1771 1212 1868 superstruunt,
1241 1775 1298 1848 dun

274 1876 359 1964 illa,
394 1872 499 1946 annis
528 1869 684 1962 exustis,
716 1871 834 1965 perit,
869 1885 976 1964 atque
1002 1871 1038 1944 hi
1066 1872 1198 1948 eodem
1219 1873 1298 1946 modu

272 1973 404 2048 multas
422 1969 467 2044 ad
487 1969 742 2065 generationes
759 1966 882 2044 sensim
898 1967 1201 2064 multiplicantur,
1222 1971 1298 2044 ades

272 2091 344 2168 que
374 2069 519 2160 tandem
550 2063 682 2141 relistae
713 2079 879 2160 pereunt.
955 2065 1011 2140 Ita
1041 2069 1171 2142 matris
1204 2067 1298 2144 donus

273 2193 357 2246 cum
380 2169 539 2243 ferorum
560 2182 737 2258 nepotum
760 2159 984 2240 coaedificata
1010 2167 1205 2257 coalescit,
1225 2166 1298 2240 bini

271 2282 410 2366 tegram
438 2266 542 2342 velut
558 2263 797 2355 civitatem,
818 2284 923 2358 quam
948 2261 1151 2340 Corellium
1181 2263 1298 2360 appella

270 2391 375 2456 mus,
405 2360 612 2438 constituit.
675 2355 745 2433 Sed
771 2361 902 2456 praete'r
933 2361 1025 2435 hanc
1054 2365 1295 2460 proprietatem,

272 2487 380 2562 quarn
419 2483 500 2536 cum
533 2459 798 2555 vegetabilibus
831 2460 967 2546 habent
998 2482 1244 2552 communem,
1271 2471 1297 2532 ut

270 2587 338 2661 per
362 2581 482 2636 ramos
501 2556 535 2632 se
554 2570 729 2652 augeant,
758 2554 828 2630 illis
854 2555 962 2631 etlam
987 2550 1140 2654 proprii
1166 2559 1237 2634 sunt
1258 2577 1297 2653 ge·

269 2661 419 2750 uitalia,
443 2657 654 2750 androgyna
678 2655 789 2745 licet,
814 2653 857 2727 ad
883 2655 1045 2730 sobolem
1068 2653 1166 2732 suam
1189 2681 1229 2732 ex
1244 2673 1296 2728 ovo

269 2753 603 2852 multiplicandam,
644 2753 773 2844 quibus
805 2752 961 2845 speciem
1000 2755 1148 2850 longius
1180 2751 1295 2830 disseni-

267 2869 369 2930 nant.
421 2855 563 2925 Cor-ollio
588 2869 680 2920 vero
706 2849 871 2946 compofito
890 2853 1039 2946 proprie
1066 2854 1163 2928 dista
1188 2855 1228 2928 ab
1245 2847 1297 2944 ips

268 2949 455 3048 principio
492 2945 656 3020 constare
698 2948 870 3022 videntur
903 2951 1067 3042 pluribus
1099 2951 1289 3032 animalibus

269 3068 424 3146 quorum
440 3045 573 3144 singula
593 3063 741 3138 parvam
758 3043 911 3120 fistulam
927 3048 1001 3121 sive
1016 3071 1149 3142 porum
1169 3048 1287 3123 strunt:

268 3172 374 3244 quam
404 3143 617 3220 sententiam
651 3143 815 3240 amplesii
845 3166 980 3241 cogor,
1020 3169 1103 3220 cum
1131 3145 1289 3238 Madrcpo·

266 3271 344 3324 ram
369 3247 596 3340 polygamam
623 3240 908 3328 &Tubulariam
930 3243 1097 3318 musicam
1122 3239 1297 3319 confitero!

267 3348 432 3439 Alcyonia
459 3363 502 3412 ea
529 3338 664 3433 pariter
690 3338 858 3431 ratione,
893 3364 962 3434 qua
989 3341 1240 3438 Lithophyta,
1260 3337 1293 3408 u'·

268 3456 385 3535 vunt,
410 3455 628 3532 quamquam,
638 3434 760 3509 mollis
776 3437 819 3511 stt
833 3438 931 3512 testae
947 3461 1073 3515 eorum
1092 3440 1276 3540 substantia

368 3616 650 3706 ZOOPHYTA
683 3635 800 3706 multo
837 3633 988 3728 propius
1023 3633 1069 3707 ad
1105 3629 1296 3734 vegetabilis

166 3795 169 3804 Δ
267 3731 467 3822 accedunt,
495 3731 531 3802 in
555 3752 626 3820 eo,
650 3729 748 3824 quod
767 3733 898 3824 partim
926 3731 1086 3824 radices,
1112 3733 1238 3830 partim
1258 3749 1296 3802 n·

266 3855 347 3910 mos
381 3829 590 3914 articulatos
621 3830 801 3920 habeant,
845 3829 966 3902 itaut
995 3852 1076 3904 cum
1109 3833 1237 3926 plantis
1264 3841 1296 3898 er

177 3959 178 3964 ¹
264 3951 393 4030 magna
415 3941 520 4027 parte
548 3903 795 4018 coliveniant,
828 3927 917 4001 licet
946 3928 1046 4002 soliis
1073 3929 1296 4097 destimmssg·

1272 4041 1296 4092 e
